3030 5022
93 381 121 450 1,
131 385 158 450 4,
169 380 258 450 6—11‚
271 385 293 450 1,
306 383 336 436 12
432 433 433 438 ,
589 381 772 438 Menaechmi.
865 426 866 435 ,

561 570 775 654 Cylindrus
981 633 983 638 ,
1013 626 1017 635 .

753 693 756 700 ·
860 659 961 736 Licet.

97 761 207 830 Cocta
231 761 446 882 suut.·1ube
464 767 511 830 ire
536 765 736 832 adcubitum.

576 895 760 962 Erotium

719 1005 803 1072 Redi
826 1007 901 1070 cito.

558 1133 779 1218 Cylindrus

908 1219 978 1286 Iam
1001 1241 1060 1304 ego
1084 1220 1138 1284 hic
1161 1241 1227 1308 ero.

556 1425 628 1431 ——n
656 1425 780 1433 ..-..-..—

100 1559 404 1628 MENAECHMUS
419 1559 488 1643 (11)
505 1559 794 1630 ADULESCENS.
824 1560 1040 1629 MESSENIO
1054 1554 1228 1628 SERUOS.

438 1757 443 1766 '
526 1755 809 1822 Menaechmus

101 1863 270 1948 Uoluptas
293 1863 384 1928 nulla
407 1868 458 1929 est
479 1865 611 1942 nauitis,
634 1863 806 1942 Messenio,

102 1957 213 2037 Maior
235 1992 306 2037 meo
329 1971 449 2051 animo,
472 1992 572 2054 quam
595 1971 724 2055 quando
749 1992 788 2036 ex
811 1972 879 2038 alto
902 1971 1016 2055 procul
1155 1990 1230 2042 ·225

104 2081 243 2146 Terram
266 2079 482 2164 conspiciunt.

566 2187 772 2252 Messenio
870 2263 873 2268 Ι

526 2294 642 2375 Maior,
664 2317 730 2361 uon
754 2295 862 2361 dicam
884 2291 969 2375 dolo,

104 2403 142 2470 Si
167 2403 344 2469 adueniens
366 2410 490 2469 terram
509 2403 638 2483 uideas,
662 2424 747 2487 quae
770 2401 871 2469 fuerit
892 2408 959 2470 tua.

103 2511 173 2577 Sed
196 2532 327 2595 quaeso,
352 2533 449 2596 quam
473 2512 515 2578 ob
538 2533 606 2577 rem
629 2533 715 2577 nunc
738 2505 958 2595 Epidamuum
980 2513 1149 2579 uenimus?

99 2621 155 2685 An
179 2622 273 2702 quasi
294 2640 385 2686 mare
408 2622 513 2696 omuis
538 2621 746 2686 circumimus
769 2620 917 2716 insulas?

530 2721 805 2806 Menaechmus

99 2848 254 2913 Fratrem
270 2850 462 2932 ¹‹ruaesitum
485 2845 647 2932 geminum
669 2868 859 2930 germanum
882 2868 998 2912 meum.
1177 2865 1230 2917 230
1338 2909 1344 2922 .

563 2951 767 3039 ldessear'o
821 2967 823 2972 ’

100 3081 188 3146 Nam
211 3081 291 3164 quid
312 3081 403 3146 modi
425 3081 606 3148 futurumst·
626 3081 718 3146 illum
742 3082 923 3165 quaerere?

99 3189 165 3254 Hic
188 3209 293 3253 annus
316 3193 444 3255 sextust
466 3195 642 3284 postquam
665 3191 696 3254 ei
717 3190 767 3254 rei
789 3210 923 3273 operam
946 3189 1073 3256 damus.

100 3297 248 3376 Histros,
271 3297 447 3381 Hispanos,
468 3297 693 3378 Massiliensis,
717 3297 857 3382 Illyrios,
916 3379 919 3384 Ι

100 3405 195 3471 Mare
219 3425 371 3488 superum
394 3393 488 3471 omrlc
512 3405 749 3489 Graeciamque
773 3407 935 3470 exoticam

40 3566 43 3574 .
101 3513 252 3596 Orasque
274 3512 409 3578 Italicas
433 3513 546 3593 omnis,
571 3535 637 3597 qua
651 3497 849 3598 adgreditur
872 3535 970 3593 mare,
1177 3532 1228 3584 235

186 3753 237 3805 223
256 3749 319 3804 CIL.
334 3765 422 3820 proep.
441 3748 469 3804 Β
530 3749 675 3806 coactae
736 3752 827 3806 iubire
885 3753 1069 3807 Pcrsoaamm
1085 3757 1155 3814 nota
1173 3767 1225 3806 om.

163 3852 217 3890 ero.
235 3835 435 3892 Menaechmus
452 3853 510 3890 mss
529 3837 608 3891 senio
626 3837 709 3892 taciti
724 3837 752 3890 Β
813 3835 934 3892 SENEX
951 3837 979 3891 Β
1039 3837 1226 3893 Personarum

100 3929 179 3987 notro,
197 3929 329 3990 quotquot
347 3924 462 3978 cursivis
480 3925 577 3978 litteras
593 3925 783 3992 expressimus,
803 3938 853 3977 om.
932 3925 983 3976 224
1000 3919 1112 3977 Nullast
1128 3922 1226 3990 uolup-

100 4015 144 4062 tas
162 4006 216 4062 Bc
294 4009 344 4061 225
363 4025 447 4076 quam
465 4019 530 4077 qum
548 4008 581 4077 B,
601 4025 685 4077 quam
704 4026 770 4077 qum
789 4005 847 4074 G„
895 4008 1046 4062 ttltdolor
1062 4007 1090 4064 Β
1174 4009 1225 4060 227

101 4095 189 4162 Quam
209 4094 233 4147 si
299 4095 350 4146 228
366 4094 396 4148 in
415 4093 594 4163 epidamnum
612 4093 647 4162 B,
668 4093 890 4162 epidomnumO
956 4095 1007 4148 232
1026 4098 1122 4148 sextus
1139 4092 1167 4146 A

100 4185 250 4249 postquam
267 4179 309 4232 ire
327 4177 356 4234 lu'
375 4195 489 4248 operam
599 4180 649 4233 233
666 4179 785 4234 hilarios
891 4181 943 4234 234
961 4195 1122 4249 supremum
1141 4177 1206 4236 Β.

80 4265 277 4336 ,gretiamque
295 4263 323 4317 B
516 4259 520 4272 '
