2976 5018
804 332 894 388 Plauti
1224 333 1265 400 lv,
1282 340 1300 398 1,
1313 333 1379 384 e-ro

742 522 963 606 Lampadio

551 631 777 696 Scelestiorem
801 633 833 696 iu
858 639 946 696 terra
969 632 1091 698 nullam
1115 655 1189 698 esse
1212 636 1339 698 alteram

295 741 412 805 Omnia
435 739 572 804 infitiari
594 759 673 813 eam,
697 759 782 821 quae
805 738 927 804 dudum
952 740 1105 807 consessa
1128 751 1179 806 est
1202 741 1284 806 mihi.

295 847 399 926 Quam
421 847 530 912 hercle
553 869 613 928 ego
635 847 725 912 illam
750 867 847 912 anum
871 847 1013 912 inridere
1038 869 1088 912 mc
1106 857 1142 914 ut
1159 851 1269 926 sinam,
1289 848 1390 912 satiust

1008 954 1087 1021 mihi
1179 1001 1185 1010 -
1343 971 1390 1023 aso

294 1066 417 1144 Quouis
440 1065 540 1129 exitio
564 1065 707 1128 interire.

711 1218 992 1284 Phanostrata

684 1341 687 1354 ·
754 1326 803 1398 Di.
826 1327 961 1392 obsecro
985 1335 1133 1393 nostram
1156 1328 1252 1394 fidem
1274 1380 1280 1392 .
1303 1377 1334 1392 ..

745 1480 965 1564 Lampadio

293 1592 378 1670 Quid
402 1593 481 1656 deos
505 1589 677 1656 obsecras?

715 1731 993 1798 Phanostrata

704 1839 842 1905 Sernota
865 1841 939 1906 uos!

739 1995 959 2080 Lampadio

980 2105 1064 2183 Quid
1088 2109 1161 2173 est?

711 2223 987 2291 Phanostrata
1165 2315 1166 2318 Ἴ

1204 2335 1384 2422 Crepundia

291 2449 379 2514 Haec
398 2453 484 2526 sunt,
497 2444 690 2526 quibuscum
709 2449 743 2508 tu
762 2443 907 2508 extulisti
925 2449 1073 2508 nostram
1085 2443 1219 2510 filiolam
1233 2447 1271 2511 ad
1286 2466 1399 2510 necem.

736 2597 958 2680 Lampadio

292 2711 419 2775 Sanane
442 2709 498 2772 es?

711 2831 985 2897 Phanostrata

508 2939 597 3004 Haec
621 2947 698 3004 sunt
720 2940 876 3023 profecto.

736 3094 958 3179 Lampadio

893 3203 1034 3286 Pergin?

709 3359 989 3424 Phanostrata

1057 3467 1146 3534 Haec
1170 3476 1255 3534 sunt.

736 3587 961 3672 Lampadio

1273 3697 1306 3764 Si
1330 3690 1402 3761 mihi

292 3807 363 3872 Alia
386 3805 502 3870 mulier
523 3806 609 3868 istoc
634 3811 729 3886 pacto
753 3806 849 3884 dicat,
873 3804 978 3869 dicam
1003 3826 1075 3870 esse
1099 3805 1234 3870 ebriam.
1357 3816 1402 3872 60⁰

292 3980 516 3992 ..------.-

374 4063 424 4116 493
442 4061 577 4115 interram
595 4059 626 4114 Ε
735 4063 786 4116 494
804 4060 923 4116 infitiare
942 4079 974 4116 ea
992 4079 1063 4132 quae
1081 4060 1144 4132 BE,
1168 4061 1292 4118 inficiare
1311 4053 1400 4132 quai

289 4149 339 4202 495
357 4147 427 4201 Nam
531 4146 655 4200 inredire
674 4145 700 4200 B
716 4163 758 4215 pr.
779 4165 813 4202 m.
918 4150 1005 4202 satius
1023 4153 1067 4202 est
1185 4150 1236 4202 496
1254 4137 1401 4203 interero]

288 4235 339 4288 497
357 4249 407 4288 uos
425 4231 484 4286 BE
549 4235 600 4287 499
617 4233 753 4302 pergehin
772 4231 835 4301 ΒΕ,
854 4250 938 4304 perge
957 4235 1061 4288 hincI
1135 4238 1201 4287 aaut
1218 4249 1268 4289 aaa
1288 4235 1317 4289 Ε
