2982 5004
502 415 504 420 ,
559 381 589 434 v.
607 383 751 436 -168—187.
1152 393 1213 454 259

98 591 255 649 apparere.
280 603 317 612 -
348 573 430 632 Sales
458 577 556 632 autem
585 595 643 634 non
665 575 803 636 Manibus
833 579 934 636 uxoris
957 597 1022 638 eum
1046 581 1213 642 sacrificare

98 675 188 748 dicit,
211 674 264 734 sed
290 667 382 747 Orsa,
407 678 512 734 mortis
534 681 658 738 auctori.
683 709 720 720 —-
749 681 817 740 180.
841 679 965 740 Versum
988 683 1072 744 affert
1093 684 1213 744 Servius

97 780 130 834 in
159 777 227 835 AEn.
251 777 307 850 XI,
340 779 414 838 160:
457 779 597 852 „Veteres
624 777 753 842 vivendo
782 777 903 842 11116616
938 783 1077 844 dicebant
1109 806 1212 864 euper-

97 882 209 938 vivere.
234 925 240 936 .
266 925 273 938 .
297 925 304 940 .
339 880 462 940 Plautus
490 885 520 941 in
543 881 682 960 Epidico:
718 885 792 956 Quia
814 883 868 942 tibi
891 886 976 945 licuit
999 907 1063 946 eum
1086 889 1213 948 urendo

96 979 248 1042 vincere.“
306 983 405 1042 Costa.
434 988 549 1044 mut-ato
577 986 681 1044 ordine
711 987 848 1060 „uincere
881 985 1042 1047 uiuendo“.
1071 1020 1113 1028 -
1144 991 1211 1049 182.

98 1085 222 1144 seratam
244 1083 379 1144 Herculis
401 1105 560 1146 erumnam
583 1109 635 1146 cur
657 1090 864 1161 nominaverit,
894 1108 951 1148 non
975 1065 1102 1167 liquat.¹
1130 1093 1214 1164 Quod
1321 1087 1323 1092 ’

97 1207 160 1246 non
188 1187 262 1246 nulli
289 1191 434 1264 putarant
462 1189 622 1266 significari
645 1191 781 1250 Herculis
803 1210 930 1266 pugnam
962 1189 1027 1251 curii
1051 1194 1215 1272 Hippolyta

97 1309 250 1362 amazone,
274 1292 359 1366 quasi
370 1289 552 1369 Periphanes
574 1292 687 1351 diceret
703 1297 818 1350 tantum
836 1293 893 1350 sibi
912 1313 976 1352 curu
994 1314 1086 1354 uxore
1103 1297 1214 1356 bellum

95 1392 206 1464 fuisse,
240 1393 291 1450 illa
319 1409 450 1452 aerumna
478 1394 557 1471 apud
580 1413 678 1452 omues
701 1399 836 1452 auctores
858 1414 982 1468 nouum,
1018 1417 1077 1454 uon
1099 1404 1214 1456 sextum
1262 1445 1265 1453 .

95 1496 196 1553 locam
218 1493 316 1568 habet,
340 1515 393 1554 nec
415 1498 597 1575 comparatio
620 1517 673 1573 per
694 1517 726 1554 se
749 1501 819 1574 apta
841 1498 933 1572 ioret3
967 1499 1045 1556 Men.
1073 1502 1131 1560 198
1155 1502 1215 1560 alia
1244 1519 1246 1526 ¹

95 1601 179 1656 ratio
209 1601 264 1656 est.
319 1597 476 1674 Kiessling.
506 1599 582 1657 Mus.
606 1597 699 1658 Rhen.
723 1597 823 1656 XXIII
855 1617 884 1675 p.
914 1600 974 1658 418
1004 1602 1214 1660 animadvertit

96 1700 248 1758 senarium
270 1719 422 1760 numerum
447 1721 522 1778 sape
545 1703 673 1778 exempli
696 1722 782 1760 eausa
800 1703 871 1777 poni
889 1701 968 1779 apud
988 1701 1142 1778 Plautum
1166 1705 1213 1762 hic

96 1807 208 1876 autem,
238 1803 309 1879 quia
336 1807 486 1880 posterior
520 1821 644 1880 quaeqae
668 1792 797 1863 aerumna
829 1805 947 1880 grevim
980 1823 1042 1862 esse
1075 1805 1213 1879 debebat,

95 1910 218 1982 poetam
251 1925 340 1964 unam
373 1925 409 1964 ex
437 1908 651 1982 posterioribus
678 1907 839 1966 nominare.
862 1937 905 1948 -
930 1909 998 1966 183.
1031 1907 1213 1985 Periphanes

95 2007 279 2066 laudandam
312 2008 433 2084 quidem
466 2011 621 2086 pecuniam
655 1989 719 2066 esse
752 2011 807 2083 ait,
842 2009 895 2068 sed
927 2029 987 2070 non
1021 2012 1212 2086 matrimonio

94 2113 239 2170 iunctam.
284 2107 431 2174 maneam
453 2118 533 2169 recte
554 2113 581 2170 A
603 2116 633 2168 et
655 2111 856 2188 Porphyrad
874 2109 945 2198 Hor.
964 2109 1059 2171 Carris.
1077 2133 1141 2173 soec.
1156 2115 1211 2173 20:
1333 2194 1335 2200 .
1365 2109 1371 2126 '

98 2212 186 2290 „lege
219 2209 363 2285 marita“;
402 2213 480 2272 ande
514 2217 603 2300 etiam
636 2213 811 2290 Propertius
843 2213 898 2285 IV,
934 2216 987 2288 11,
1024 2217 1077 2274 33:
1114 2216 1213 2288 „iaces

95 2313 252 2376 maritas“.

181 2418 257 2493 184.
291 2417 389 2476 Soenae
419 2419 539 2476 titulum
567 2416 643 2497 dedi
665 2437 700 2476 ex
722 2417 762 2490 B,
795 2419 853 2476 nisi
881 2417 960 2494 quod
989 2422 1074 2479 exA
1101 2422 1213 2482 adscivi

97 2520 250 2578 ordinem:
275 2519 523 2578 PERIPHANES
541 2519 767 2578 APOECIDES.
812 2518 964 2578 Canticum
986 2523 1146 2583 iambicum
1168 2527 1213 2582 in-

97 2625 173 2698 cipit
198 2643 215 2680 a
239 2621 354 2681 duobus
378 2623 575 2708 quaternariis
597 2621 741 2696 iambicis,
766 2641 890 2700 quorum
913 2626 1074 2700 posteriori
1095 2625 1216 2686 additur

95 2725 327 2802 semiquinarins
360 2726 517 2797 iambicus,
551 2725 576 2783 si
608 2726 768 2801 genuinum
802 2729 848 2805 est
879 2725 934 2784 hoc
965 2725 1244 2801 additamentam·

96 2833 263 2904 sequuntur
284 2831 429 2903 quattuor
440 2826 595 2906 ''octonarii
615 2833 646 2886 et
664 2830 879 2904 quaternarius.
925 2821 964 2888 St
981 2833 1064 2887 extra
1078 2849 1215 2888 numeros
1246 2887 1250 2897 ,

96 2935 153 2988 ost.
198 2929 298 2988 Primo
327 2949 414 2988 versu
437 2928 580 3008 Epidicus
611 2949 647 2991 ex
669 2928 781 2989 sedibus
804 2930 964 2990 Choeribuli
992 2933 1090 2990 exiens
1112 2933 1215 2992 herum

98 3039 129 3090 et
152 3036 277 3092 amicum
302 3034 364 3092 eius
386 3037 486 3091 tacere
509 3037 539 3090 ot
561 3031 637 3091 bene
660 3052 781 3108 sperare
804 3034 893 3092 iubet.
944 3027 982 3092 St
1004 3033 1111 3109 terea,
1135 3037 1214 3112 quod

96 3141 157 3196 iam
181 3135 366 3196 Camerarius
389 3135 589 3208 divinarent,
619 3137 650 3194 in
671 3137 699 3194 A
721 3141 836 3194 exstare
859 3135 977 3194 dicitur.
1001 3166 1040 3176 -
1068 3137 1126 3197 185
1149 3158 1213 3216 sqq.

95 3239 167 3298 Haec
188 3237 331 3315 Epidicus
358 3257 466 3298 secum.
530 3233 670 3313 auspicio
691 3233 781 3312 foras
810 3244 841 3297 61
868 3239 919 3298 alii
947 3240 1037 3298 scribi
1059 3241 1216 3300 voluerunt

95 3347 127 3400 et
140 3341 271 3400 Studem.
285 3339 395 3400 Studl
412 3361 442 3417 p.
455 3342 512 3413 44;
539 3342 637 3415 „foras
659 3338 809 3418 auspioi0“
832 3341 926 3414 codd,
950 3341 1029 3417 quod
1052 3344 1084 3401 ia
1106 3343 1214 3402 discre-

93 3445 202 3521 pantis
224 3445 378 3520 scripture
400 3444 518 3502 excidit.
574 3440 628 3504 arai
654 3440 798 3518 amasim,
833 3443 912 3521 qaod
942 3445 1031 3502 etiam
1060 3446 1087 3505 A
1114 3446 1214 3519 habet,

94 3547 186 3606 Weis.
210 3548 294 3606 uncis
321 3547 450 3605 seclusit.
500 3546 627 3606 Prorsus
648 3547 744 3604 simile
767 3551 812 3606 est
832 3545 939 3606 Pseud.
964 3549 1041 3606 767:
1078 3548 1153 3622 „Aui
1175 3550 1214 3606 si·

94 3653 204 3723 nistra,
240 3649 370 3725 auspicio
393 3649 507 3725 liquido
530 3654 619 3726 atque
643 3669 679 3708 ex
701 3645 876 3708 sententia“.
927 3649 1054 3708 Sinistra
1085 3651 1215 3726 auspicia

93 3752 252 3825 Romanis,
286 3751 396 3812 Grecis
425 3751 531 3811 dextra
558 3752 683 3811 meliora
710 3755 776 3810 visa
802 3771 866 3810 esse
890 3755 919 3810 et
941 3771 977 3810 ex
1000 3751 1140 3810 Cicerone
1165 3749 1214 3825 (de

93 3855 229 3914 Divinat.
251 3855 290 3928 Π,
315 3857 363 3931 39,
389 3849 444 3931 82)
467 3860 496 3914 et
518 3873 554 3912 ex
576 3853 708 3914 Varrone
731 3859 832 3914 notum
856 3859 909 3926 est,
933 3855 984 3931 qui
1007 3873 1122 3914 eausam
1145 3854 1214 3914 inde

92 3959 216 4036 repetit,
240 3958 318 4034 quod
337 3963 367 4016 et
390 3957 501 4035 templo
525 3961 555 4014 ot
577 3961 683 4032 auguri
707 3941 840 4034 auspicia
859 3957 989 4034 capienti
1007 3957 1128 4014 sinistra
1144 3977 1214 4034 pars

93 4063 240 4120 orientem
268 4059 358 4118 solem
381 4064 509 4137 spectet,
543 4079 571 4118 v.
597 4059 676 4118 Fest.
700 4080 729 4136 p.
757 4061 845 4139 339..
872 4059 957 4118 Varr.
980 4058 1015 4117 L.
1038 4057 1159 4130 L.'VII‚
1185 4059 1220 4116 7.-

93 4163 219 4222 -186,
244 4163 426 4235 excuterem.
465 4161 630 4238 „Loquitur
652 4162 689 4220 de
712 4163 789 4220 senis
812 4165 984 4240 marsuppio
1007 4166 1041 4218 ut
1063 4161 1100 4218 de
1121 4162 1211 4238 pisce,

93 4267 140 4328 cui
169 4265 267 4356 ἔντεραΙ
287 4262 446 4325 eruuntur“
480 4265 570 4324 Creu.
594 4267 630 4324 cf.
655 4268 725 4325 510.
749 4267 819 4324 670.
845 4265 914 4323 321.
942 4291 984 4304 -
1021 4265 1090 4323 187.
1127 4277 1214 4322 aum

958 4377 1004 4432 17*
