3030 5022
580 371 763 428 Menaechmi.

105 563 150 631 Ut
172 562 259 627 hanc
281 583 351 626 rem
374 561 469 626 uobis
493 563 688 625 examussim
712 560 885 645 disputem.
920 609 922 614 -

106 671 141 737 Si
165 673 239 753 quis
262 669 341 752 quid
363 675 513 734 uestrum
536 665 757 753 Epidamnum
780 668 890 734 curari
913 667 975 732 sibi

106 779 205 858 Uelit,
235 778 399 843 audacter
418 777 570 861 inperata
594 782 628 842 et
650 775 759 856 dicito,
851 835 855 844 ,
967 779 970 786 ’

106 886 172 956 Sed
194 889 252 966 ita,
273 892 311 950 ut
331 885 397 964 det,
421 884 507 949 unde
530 885 639 950 curari
662 883 697 948 id
720 884 826 968 possit
849 881 922 962 sibi,

105 995 191 1059 Nam
213 995 278 1057 nisi
301 993 358 1076 qui
381 997 553 1077 argentum
576 991 716 1071 dederit,
738 1011 844 1074 nugas
867 991 987 1074 egerit3

107 1101 172 1184 Qui
196 1101 333 1181 dederit,
355 1103 458 1184 magn
480 1101 622 1166 maiores
644 1119 749 1181 nugas
773 1099 886 1182 egerit
1200 1113 1234 1168 st

107 1209 233 1276 Uerum
254 1209 334 1273 illuc
356 1207 455 1274 redeo
478 1208 565 1274 unde
588 1207 664 1291 abii,
688 1215 789 1311 atque
810 1228 876 1273 uno
900 1206 1028 1274 adstc'
1018 1225 1053 1272 m
1075 1206 1157 1272 loco.

107 1303 376 1402 Epidamniensis
399 1315 584 1400 illaquam
607 1315 730 1381 dudum
753 1315 909 1396 dixeram,

107 1425 281 1492 Geminum
302 1424 395 1490 illum
417 1444 556 1508 puerum
578 1425 634 1510 qui
658 1424 828 1508 surrupuit
850 1423 990 1490 alterum
1011 1455 1053 1468 -

109 1533 150 1598 Ei
173 1529 361 1612 liberorum,
383 1533 447 1598 nisi
470 1532 615 1613 diuitiae,
638 1531 721 1596 nihil
744 1540 816 1598 erat
837 1567 880 1579 -

109 1629 259 1726 adoptat
280 1640 373 1706 illum
395 1661 533 1726 puerum
555 1641 790 1725 surrupticium
918 1726 922 1736 1

111 1749 182 1815 Sibi
203 1749 316 1827 filium,
340 1749 435 1832 eique
457 1770 592 1814 uxorem
615 1749 763 1814 dotatam
786 1748 886 1828 dedit,

109 1857 261 1941 Eumque
283 1856 437 1922 heredem
459 1856 547 1934 fecit,
570 1875 669 1939 quom
691 1859 761 1940 ipse
785 1856 868 1922 obiit
891 1855 987 1920 diem.

109 1966 195 2030 Nam
218 1986 274 2030 rus
296 1972 341 2048 nt,
355 1965 426 2030 ibat
447 1965 542 2044 forte,
566 1971 604 2029 ut
626 1965 765 2031 multum
788 1964 929 2048 pluerat,
1043 1975 1045 1980 “

105 2075 263 2155 ¹Ingresso
285 2071 423 2138 fluuium
445 2074 597 2157 rapidum
620 2073 662 2137 ab
685 2072 765 2137 urbe
788 2071 878 2137 haud
900 2070 1030 2154 longule

113 2183 261 2278 Rapidus
283 2181 409 2265 raptori
433 2183 526 2264 pueri
549 2181 707 2246 subduxit
728 2181 838 2264 pedes,
924 2247 925 2250 ,
1204 2194 1237 2247 65

112 2290 362 2380 Abstraxitque
369 2288 533 2354 hominem
549 2291 589 2353 in
611 2309 796 2355 maxumam
819 2287 940 2354 malam
964 2306 1102 2352 crucem.

113 2397 169 2462 Illi
190 2392 325 2462 diuitiae
348 2403 530 2462 euenerunt
551 2417 734 2463 maxumae

114 2505 145 2569 ls
169 2505 238 2570 illic
259 2504 390 2570 habitat
413 2505 559 2588 geminus
582 2503 809 2589 surrupticias.

111 2613 208 2678 Nunc
231 2613 286 2678 ille
308 2613 467 2696 geminus,
491 2613 548 2695 qui
571 2613 740 2694 Syracusis
762 2611 872 2692 habet,
987 2619 990 2628 '

113 2720 252 2786 Hodie'
243 2741 277 2785 ιιι
278 2720 518 2804 Epidamnum
540 2707 649 2786 uediet
671 2741 746 2785 cum
768 2740 866 2787 seruo
890 2740 959 2797 suo,
1121 2778 1127 2794 ,
1205 2732 1239 2784 70

113 2827 208 2894 Hunc
231 2829 455 2912 quaeritatum
478 2831 642 2911 geminum
664 2849 855 2912 germanum
879 2849 983 2892 suum.

112 2935 205 3002 Haec
227 2936 306 3001 urbs
329 2935 533 3038 Epidamnus
555 2943 616 3014 est,
640 2937 718 3001 dum
738 2935 821 3002 haec
843 2937 913 3035 agit
913 2957 952 3000 ur
899 2928 1104 3014 tiabula3

114 3045 252 3123 Quando
275 3043 341 3109 alia
364 3051 488 3126 agetur,
440 3044 603 3109 uraliud
626 3045 682 3110 fiet
668 3042 869 3129 tcppidum,

114 3153 206 3218 Sicut
227 3151 372 3218 familiae
397 3172 526 3235 quoque
548 3152 657 3218 solent
679 3153 851 3232 mutarier,

113 3259 211 3324 Modo
234 3259 288 3344 liic
311 3261 416 3341 agitat
438 3261 522 3341 lenc,
544 3256 642 3326 modo
665 3261 870 3342 adulescens,
892 3259 989 3325 modo
1013 3277 1120 3338 senex,
1205 3273 1240 3325 'tt

114 3369 254 3453 Pauper,
277 3368 454 3447 mendicus,
477 3389 545 3447 rex,
568 3369 746 3452 parasitus,
770 3368 920 3434 ariolus·
1204 3353 1206 3360 Α

199 3608 232 3657 51
250 3622 290 3674 sq.
310 3603 365 3660 sibi
382 3605 454 3659 uelit
465 3606 562 3674 priore
577 3621 659 3660 casu
668 3605 702 3674 B,
721 3621 770 3660 om.
789 3605 811 3661 G
862 3607 896 3660 56
914 3605 963 3659 de.
975 3605 1042 3658 inde
1059 3603 1087 3657 Β
1139 3605 1172 3658 54
1190 3603 1242 3671 qni

36 3719 40 3728 ·
113 3708 170 3744 non
189 3694 337 3759 argentum
401 3689 533 3760 migasO
602 3691 635 3743 55
653 3689 723 3745 Nam
742 3693 796 3745 nisi
815 3692 862 3760 qui
934 3692 968 3745 56
985 3689 1129 3745 redeunde
1206 3689 1240 3742 57

114 3775 331 3845 Epidamniensis
346 3774 374 3828 Β
431 3775 464 3828 58
478 3777 596 3829 alteram
647 3777 681 3830 59
695 3775 809 3832 diuilise
861 3778 895 3831 67
910 3793 994 3846 quam
1046 3777 1080 3830 64
1094 3774 1240 3844 Ingressus

173 3859 275 3929 rapida
292 3859 422 3914 burbeG
493 3861 527 3914 65
543 3857 612 3915 fides
686 3863 720 3916 66
737 3863 840 3916 malam
858 3865 962 3915 matam
981 3858 1134 3917 crucemG
1207 3860 1241 3912 67

99 3943 158 3999 'llli
176 3944 271 4000 οιιι.0
300 3945 466 3999 '661stilic
523 3943 692 4001 habitantO
752 3949 786 4002 66
804 3947 957 4002 siracnssis·
1006 3948 1043 4000 70
1059 3946 1138 4000 uenit
1189 3959 1241 3998 suo
1280 3987 1283 3994 .

115 4049 196 4085 seruc
214 4031 242 4084 Β
317 4032 351 4086 73
371 4031 486 4100 opidum
504 4031 531 4084 B
603 4033 638 4086 74
654 4031 808 4087 similata
874 4031 978 4088 mutari
1056 4034 1090 4085 75
1107 4030 1193 4085 Modo
1211 4029 1243 4083 ni

116 4117 238 4171 caditat
312 4118 345 4171 76
363 4116 487 4173 medicos
505 4115 532 4169 Β
602 4118 707 4174 ariolus
726 4117 871 4188 peniculus
889 4115 917 4171 Β
923 4165 929 4180 ,
