2982 5004
494 343 516 362 ”
535 379 566 430 v.
588 310 729 433 rae—aad
1130 391 1187 449 261

81 580 179 634 annot.
202 575 239 632 ad
261 575 329 633 Aul.
354 576 424 632 333.
447 603 487 612 —
518 576 587 633 199.
621 573 840 634 Enumerantur
866 577 943 649 loca,
977 578 1029 636 ubi
1058 578 1190 638 homiues

81 679 166 737 otiosi
196 679 308 736 versari
336 675 486 750 nolebant,
520 679 706 752 gymnasium
735 683 764 736 ei
790 677 886 736 forum
915 700 980 738 cunr
1008 680 1131 739 lanienis
1160 687 1190 739 et
1256 709 1263 724 ·

80 783 312 856 argentariorum
326 780 467 850 tabernis,
486 787 547 836 tum
561 780 620 837 alia
631 778 821 838 tabernarum
834 786 863 838 et
876 779 1058 840 officinarum
1070 803 1188 858 genera,

64 884 113 968 ¹of.
138 882 290 943 Demosth.
314 882 444 959 Aristog.
468 882 496 954 I,
528 884 580 940 52:
616 883 675 938 οὐόὲ
705 885 859 959 προσφοιτᾷ
883 859 958 960 πρός·
972 907 996 940 τι
1018 887 1117 942 τούτων
1139 888 1190 942 τῶν

78 993 103 1042 ἐν
129 989 159 1061 τῇ
188 989 265 1044 πόλει
279 989 420 1062 ,κουρείων
449 987 463 1054 ἣ
490 988 683 1060 μυροπωλεῐων
704 989 720 1056 ἢ
742 987 794 1042 τῶν
816 985 903 1042 ἄλλων
925 991 1107 1064 ἐργαστηρίων
1129 989 1188 1046 οὐδὲ

77 1092 143 1165 πρὸς
166 1089 199 1145 ἕν.
251 1089 319 1164 Lyn.
345 1090 393 1158 24,
419 1089 473 1146 2οἰ
515 1087 625 1153 ἕκαστος
653 1090 708 1165 γὰρ
736 1089 808 1162 ἡμῶν
835 1093 955 1147 εἴθισται
982 1093 1152 1165 προσφοιτᾶν
1175 1093 1189 1148 ὃ

72 1196 122 1280 μὲν
144 1194 213 1268 πρὸς
233 1195 433 1266 μυρσπωλοῖον,
464 1191 478 1246 (1
500 1191 528 1246 δὲ
551 1193 620 1267 πρὸς
642 1196 774 1268 κουρεῖον,
805 1193 820 1248 ὁ
842 1193 870 1248 δὲ
899 1194 967 1269 πρὸς
995 1199 1189 1268 σκυτοτομεῖον,

77 1296 129 1351 0‘3’
149 1297 213 1352 ὅποι
232 1295 264 1350 ἂν
280 1297 353 1368 τύχῃ.
400 1293 470 1352 Hor.
487 1293 547 1354 sat.
560 1293 583 1366 Ι,
603 1296 630 1364 7,
651 1296 683 1352 3:
710 1294 871 1368 „Omnibus
889 1301 919 1353 et
936 1297 1026 1372 lippia
1043 1303 1145 1356 notum
1160 1305 1189 1356 et

75 1395 274 1458 tonsoribus“.
299 1397 336 1464 al,
359 1426 401 1435 —
424 1398 495 1456 203.
528 1401 577 1467 „et
599 1396 719 1474 quidem
742 1395 814 1470 eg0“
840 1397 940 1456 Gonia.
965 1418 1030 1456 cum
1052 1400 1188 1462 Miilloro.
1212 1393 1216 1406 ’

74 1532 114 1540 -
137 1503 208 1560 204.
243 1498 406 1558 Verborum
435 1497 568 1556 ordinem
591 1500 723 1557 restituit
744 1499 830 1556 Both.
853 1529 895 1540 -
918 1503 988 1559 205.
1024 1495 1121 1568 Mane
1143 1499 1189 1562 eis

74 1603 155 1662 Muli.
175 1604 259 1661 Pron.
278 1623 308 1680 p.
327 1603 397 1660 267.
443 1599 545 1659 Goeta.
564 1621 628 1658 oum
652 1601 752 1659 Brixio
779 1597 986 1673 „Manedum“.
1009 1633 1050 1643 -
1071 1598 1188 1664 Animo

73 1702 151 1764 mate
175 1706 229 1777 est,
258 1727 285 1763 v.
309 1705 346 1762 ad
367 1704 474 1780 Amph.
498 1706 647 1762 2174.-
675 1707 745 1763 206.
771 1699 872 1764 PER.
896 1701 1012 1780 Recipe
1034 1727 1088 1766 em.
1107 1708 1186 1767 Brix.

73 1811 147 1867 Anu.
177 1808 250 1888 phil.
280 1805 317 1868 CI
346 1827 375 1882 p.
400 1808 471 1866 765.
505 1836 547 1846 -
581 1809 640 1884 207
670 1826 714 1882 aq.
749 1806 896 1866 Lacunam
924 1807 948 1866 B
976 1811 1007 1866 in
1038 1807 1206 1887 principio¹

72 1914 249 1988 posterioria
272 1930 373 1969 vernus
396 1911 516 1968 indicat.
562 1903 640 1986 Quis
656 1903 712 1968 boc
728 1909 844 1968 addidit
861 1911 1056 1970 Camerarius.
1097 1907 1188 1972 Dicit

72 2035 125 2091 pro
153 2011 244 2088 „soit“
271 2015 357 2071 multi
380 2013 582 2070 emendarunt.
606 2041 648 2052 -
672 2013 742 2070 212.
770 2011 1016 2091 „aliusquisqne“
1036 2015 1108 2073 nihil
1126 2023 1185 2089 est3

73 2117 136 2174 edd.
150 2117 221 2174 iude
236 2117 448 2175 aCamerario:
475 2117 568 2188 „alius
581 2112 742 2192 quinque“,
755 2118 891 2191 pessime,
912 2137 977 2175 nam
998 2123 1027 2175 et
1042 2117 1183 2194 „quinos“

72 2219 227 2277 dicendum
256 2225 333 2291 erat,
368 2237 421 2276 noo
452 2214 562 2291 „alius“
592 2225 672 2275 recte
698 2219 833 2293 ponitur;
868 2217 972 2276 saltem
1004 2217 1091 2292 „alii“
1123 2241 1186 2279 esse

72 2322 182 2382 debuit,
228 2323 275 2380 Ad
294 2341 376 2380 neum
397 2321 579 2398 pronominis
598 2319 888 2402 cf.0ic.de1nveut.
907 2320 945 2394 II,
966 2323 1015 2394 50,
1036 2325 1110 2380 152:
1139 2326 1186 2395 ,in

72 2445 157 2484 unam
172 2443 318 2501 quamque
329 2443 390 2482 rem
403 2431 517 2482 tantum
532 2423 735 2499 singulas-esse
747 2418 857 2496 leges“.
888 2443 930 2480 or.
940 2441 1002 2496 agr.
1015 2423 1052 2496 11,
1067 2427 1115 2498 31,
1130 2427 1185 2484 85:

75 2533 116 2600 „si
140 2529 193 2587 uni
214 2530 318 2603 cuique
341 2531 471 2585 vestrum
494 2503 557 2584 bini
579 2526 669 2601 pedes
692 2521 910 2600 assignentur“.
936 2555 975 2565 —-
996 2528 1066 2584 214.
1091 2543 1188 2602 quan·
1228 2589 1232 2598 ,

72 2631 133 2690 ium
153 2625 226 2704 fuit,
245 2651 271 2688 v.
287 2631 323 2688 ad
335 2630 402 2688 Aul.
416 2632 493 2702 7783
517 2628 545 2686 b.
558 2629 576 2686 l.
590 2634 659 2706 poet
674 2647 830 2700 „numerus
847 2624 967 2686 tantua“
989 2629 1188 2696 ἀνακολούθως,

72 2737 106 2792 cf.
131 2735 169 2792 ad
192 2733 299 2812 Amph.
325 2735 405 2791 959.
420 2763 460 2772 -
484 2733 554 2790 215.
586 2725 789 2790 occurrebant
810 2730 832 2788 B
857 2750 932 2788 men.
957 2749 1029 2803 see,
1054 2737 1123 2789 cett.
1149 2763 1186 2774 -

70 2831 113 2894 ibi
135 2835 206 2893 add.
229 2834 346 2892 Mulier.
370 2833 492 2893 Nachtr.
509 2855 538 2912 p.
562 2835 630 2892 125.
658 2863 691 2872 -
719 2835 789 2891 216.
820 2827 860 2890 Id
881 2829 965 2905 adde,
989 2851 1015 2890 v.
1031 2833 1067 2890 ad
1080 2834 1186 2912 Amph.

71 2940 141 2997 464.
200 2933 321 3014 qui...
341 2933 637 3008 animaduerterim‚
667 2935 804 2993 auditur:
842 2937 1000 3010 „quaeratis
1028 2935 1186 3010 forsitan“‘,
1277 2981 1278 2984 .

69 3047 101 3097 ut
124 3041 208 3099 Trin.
237 3040 331 3098 1054:
376 3039 456 3112 „Hoc
486 3039 536 3114 qui
567 3040 596 3096 in
627 3043 752 3096 mentem
782 3040 896 3096 venerit
926 3035 1035 3095 τιτίὴίῖα
1083 3039 1107 3096 Ε
1145 3042 1187 3098 sic
1268 3040 1271 3049 ’

69 3143 207 3200 Donatus
229 3143 360 3218 explieat
381 3143 448 3199 Ter.
471 3139 562 3198 Andr.
591 3143 663 3198 191:
690 3140 771 3214 „Hoc
795 3141 866 3216 quid
889 3136 966 3198 sit?“
989 3169 1025 3178 -
1052 3143 1121 3200 218.
1147 3139 1189 3202 ad

63 3245 194 3319 portam
217 3246 242 3301 A
266 3251 299 3302 ut
323 3246 391 3316 222,
417 3245 452 3302 of.
481 3247 527 3300 15.
551 3271 594 3282 --
617 3243 714 3319 atque,
739 3264 766 3302 v.
790 3244 827 3301 ad
849 3243 1051 3302 Bacohsaro.
1074 3273 1116 3283 —
1138 3237 1188 3304 illd

69 3355 97 3404 et
116 3349 144 3407 A
170 3353 201 3404 et
224 3347 255 3416 Β,
280 3367 307 3404 v.
331 3346 368 3403 ad
390 3346 497 3421 Amph.
523 3347 593 3404 245.
620 3375 655 3384 -
683 3347 753 3403 220.
778 3360 870 3421 quam
893 3351 1001 3422 praeter
1024 3345 1048 3402 B
1071 3365 1185 3420 omnes,

70 3446 195 3509 (deamat
215 3451 274 3506 iam
297 3451 325 3506 in
346 3449 369 3506 B
393 3449 589 3506 emendatum.
607 3477 650 3486 —
669 3449 739 3505 221.
763 3447 805 3505 cf.
819 3447 938 3507 Trucul.
952 3449 1006 3506 45:
1034 3453 1083 3518 „et
1105 3451 1186 3526 ipeua

69 3554 158 3626 periit
182 3557 213 3608 et
234 3570 281 3608 rea
305 3557 335 3608 et
350 3549 454 3610 fidee“.
473 3582 515 3590 —
533 3552 603 3609 223.
628 3541 741 3608 ornata
757 3551 791 3624 A,
816 3552 923 3608 utiam
941 3549 1053 3608 Oamer.
1073 3549 1185 3627 Lepide

69 3654 268 3724 vestimentis,
299 3673 387 3725 euro,
418 3655 522 3711 ceteris
551 3655 638 3711 rebus
661 3654 834 3710 instructam
858 3653 961 3710 dicit·
994 3651 1116 3724 aurata,
1148 3643 1197 3711 cf(

68 3757 145 3816 Men.
172 3757 244 3816 789.
272 3771 307 3793 ⁴-
334 3757 403 3814 224.
431 3751 519 3832 Quid,
543 3775 570 3814 v.
594 3755 692 3814 Madv.
717 3753 767 3813 Gr.
792 3754 857 3812 Lat.
883 3757 942 3812 237
967 3775 993 3813 a.
1038 3750 1185 3814 indurata

35 3843 41 3860 ⁸
69 3866 111 3915 ent
135 3859 245 3929 reatin,
280 3877 344 3934 quae
373 3859 524 3930 induitur3
558 3852 668 3934 repilla
697 3859 758 3916 eive
786 3862 866 3914 recta
893 3859 994 3915 tunica
1023 3857 1183 3930 dicebatur,

69 3980 154 4036 quam
175 3958 338 4018 induebant
355 3965 385 4017 et
402 3960 498 4036 pridie
511 3964 682 4038 nuptiarum
700 3959 777 4017 diem
795 3961 926 4033 virginea
943 3965 982 4031 et,
1006 3959 1057 4017 ubi
1069 3960 1183 4017 virilem

68 4067 166 4138 togam
190 4061 358 4134 sumebant,
378 4065 479 4138 puori,
503 4083 530 4121 v.
550 4061 630 4121 Fest.
649 4083 678 4138 p.
698 4063 768 4120 286.
814 4062 928 4120 Nonius
945 4082 974 4136 p.
998 4064 1071 4120 539:
1109 4060 1183 4134 „Re-
1286 4136 1291 4145 Ι

67 4165 137 4238 gilla
160 4165 253 4249 ventis
275 4163 456 4223 deminutive
479 4186 497 4224 a
518 4154 599 4239 regia
623 4166 701 4224 dieta
722 4169 756 4222 ut
779 4168 809 4222 et
831 4165 965 4222 vasilioa:
990 4182 1026 4221 an
1050 4163 1183 4238 regillam
1225 4195 1228 4202 ι
1298 4167 1301 4172 “
