2970 5006
586 397 618 452 V.
639 401 778 454 ree-155.
1183 407 1244 468 313

120 596 182 654 dici
203 595 287 667 solet,
309 613 339 652 r.
364 593 402 652 sd
423 595 529 670 Amph.
551 596 620 653 951.
675 596 770 668 Quare
793 615 859 654 cum
882 595 1043 655 Ritschelio
1066 598 1238 658 lacunosum

119 700 219 758 locum
244 717 306 756 esse
330 697 469 771 arbitror,
491 703 521 754 et
543 703 604 758 tres
626 718 729 758 vereris
751 700 783 756 iu
801 699 860 758 duo
877 699 1027 773 redactos,
1051 701 1103 760 sed
1119 702 1241 761 lacunas

120 802 212 875 aliter
239 801 354 877 expleo.
409 799 439 858 Is
462 801 548 874 enim,
580 801 678 860 verbis
704 806 786 874 „arte
813 799 1014 878 gymnastica“
1046 823 1102 880 pro
1133 806 1243 882 spuriis

119 905 243 976 habitis,
266 903 388 962 tertium
411 923 528 963 versum
551 906 593 963 sic
615 905 777 982 supplevit:
816 900 906 976 „[Nec
934 905 1032 964 minus
1055 927 1109 966 suo
1132 905 1241 982 animo]

118 1006 280 1066 uictitahat
301 1001 430 1084 uolup“;
468 1006 603 1082 equidem
626 1007 709 1067 verbi
731 1026 888 1084 personam
910 1013 1026 1067 mutare
1048 1011 1145 1082 nolui,
1170 1012 1242 1070 alte-

118 1129 245 1186 ramque
276 1114 344 1168 ante
368 1109 435 1168 arta
457 1110 590 1168 lacunam
613 1129 677 1168 esse
706 1113 821 1187 putavi.
853 1139 896 1151 -
926 1112 994 1170 148.
1023 1107 1097 1186 pila
1124 1113 1169 1173 ed.
1193 1133 1237 1192 pr.

118 1211 341 1270 Enumerantur
370 1212 505 1286 vulgaria
527 1213 774 1272 exercitationum
796 1231 915 1286 genera.
938 1241 982 1254 -
1008 1217 1153 1275 150—52
1177 1223 1240 1275 tro·

118 1316 214 1373 chaici
242 1315 415 1392 septenarii.
470 1313 601 1373 Primum
634 1315 680 1376 ed.
705 1336 751 1391 pr.
779 1315 903 1388 emend,
934 1315 1060 1375 alterum
1083 1318 1240 1379 Gruterus.

121 1446 159 1458 -
173 1413 389 1492 discopuliooe,
413 1418 450 1475 cf.
463 1417 501 1476 ad
512 1420 594 1476 Asin.
609 1419 680 1479 200.
700 1449 742 1460 -
762 1421 830 1477 151.
855 1413 1039 1494 expetebant
1056 1416 1239 1496 doctrinam,

115 1527 153 1580 nt
167 1517 373 1597 „exemplum“
387 1540 415 1579 v.
432 1523 500 1580 100.
534 1520 597 1580 Nec
608 1521 797 1595 Ritschelius,
810 1524 862 1599 qui
875 1523 1007 1598 spurium
1024 1523 1103 1582 huuc
1121 1545 1239 1584 versum

116 1625 238 1696 habuit,
268 1644 321 1682 nec
349 1625 399 1700 qni
421 1628 490 1702 poet
513 1645 538 1682 r.
566 1623 624 1682 152
655 1625 754 1702 aliqua
776 1625 921 1683 excidisse
943 1631 1066 1702 putant,
1090 1626 1239 1702 Ladewig.

116 1726 226 1785 Philol.
239 1725 324 1784 XVII
346 1747 376 1804 p.
390 1727 450 1784 465
475 1731 506 1784 et
522 1725 646 1786 Loreuz.
659 1747 689 1804 p.
704 1729 732 1800 8,
755 1728 844 1786 fidem
868 1733 1028 1786 merentur.
1047 1758 1084 1768 -
1113 1731 1181 1788 152.
1204 1726 1241 1788 id
1360 1769 1363 1776 .

115 1845 201 1890 aera.
247 1828 370 1888 Lorenz.
395 1830 512 1887 confert
538 1830 606 1888 Aul.
633 1832 679 1890 18.
720 1829 827 1888 Pseud.
853 1831 923 1888 635.
970 1829 1012 1888 Cf.
1038 1834 1128 1890 etiam
1151 1833 1238 1892 initia

115 1933 311 2011 epistolarum
334 1931 486 1990 Ciceronis
509 1931 546 1990 ad
569 1931 651 1990 Fam.
675 1931 737 2006 Vll,
763 1933 810 1992 30.
835 1932 886 2006 IX,
913 1937 939 1991 5.
963 1932 1041 2006 XVI,
1069 1935 1116 1994 10.
1142 1937 1191 1993 23.

202 2139 248 2197 Ex
276 2137 389 2197 aedibus
419 2125 630 2196 Philolachetis
659 2130 698 2212 (v.
732 2139 800 2196 186.
831 2131 906 2214 233)
936 2139 997 2196 exit
1025 2138 1235 2197 Philematium

114 2244 218 2324 puella
239 2240 461 2320 pulchritudine
489 2247 519 2298 et
548 2258 648 2298 amore
670 2241 810 2317 insignis,
845 2247 875 2298 et
903 2261 991 2318 quarn
1019 2242 1105 2300 facile
1134 2242 1237 2300 credas

115 2346 313 2408 adulescentis
340 2346 491 2418 ingenium
525 2362 712 2420 corrumpere
745 2344 892 2422 potuisse,
927 2345 1087 2403 comitante
1120 2344 1236 2418 ancilla,

115 2471 175 2510 ann
202 2450 284 2526 turpi
312 2451 343 2506 et
363 2447 438 2505 nihil
459 2451 569 2523 praeter
591 2451 736 2523 quaestum
759 2449 902 2523 spirante.
957 2447 1076 2504 Exeuut
1098 2457 1197 2506 autem
1224 2467 1238 2504 e

114 2555 233 2624 balneo,
265 2556 294 2609 et
314 2570 400 2608 serva
421 2550 582 2608 lavationis
606 2553 636 2607 et
658 2553 782 2608 ornatus
805 2551 1001 2608 iustrumenta
1023 2555 1127 2625 portat
1150 2543 1237 2623 (262.

115 2649 204 2732 243).
250 2655 320 2727 Quae
349 2653 419 2712 dum
448 2655 527 2710 inter
556 2673 587 2711 se
616 2652 842 2730 colloquuntur,
877 2651 1062 2710 Philolaches
1086 2672 1122 2710 ex
1144 2652 1239 2710 altera

114 2759 265 2840 prosceuii
293 2761 379 2833 parte
407 2775 571 2814 sermonem
602 2775 702 2814 earum
732 2754 887 2812 auscultat.
945 2753 1041 2812 Scene
1075 2754 1176 2831 lepida
1210 2761 1241 2812 et

114 2864 225 2921 festiva
257 2859 389 2918 iambicis
422 2859 597 2935 septenariis
631 2859 742 2935 scripta
774 2863 828 2916 est.
859 2886 895 2898 -
935 2858 1003 2914 153.
1036 2852 1117 2928 latai,
1149 2877 1177 2914 v.
1202 2855 1238 2914 ad

115 2963 224 3040 Amph.
249 2963 319 3021 795.
345 2989 385 3000 -
412 2963 480 3020 154.
514 2962 592 3019 Ante
626 2975 718 3036 auom
741 2958 919 3018 audiendum
942 2963 987 3016 est
1008 2958 1132 3018 verbum
1156 2965 1239 3018 ante-

116 3066 250 3126 cedentis
274 3066 439 3136 sententiae,
464 3063 499 3122 cf.
518 3064 638 3122 Terent.
657 3063 763 3122 Heaut.
778 3065 837 3122 559
856 3083 914 3139 sq.:
953 3061 1138 3138 „Numquam
1157 3082 1237 3121 com-

115 3169 234 3229 modius
261 3185 402 3244 nmquam
425 3187 507 3225 erum
526 3165 627 3225 audiui
645 3166 735 3242 loqui,
758 3165 820 3223 Nec
842 3185 932 3242 quom
955 3163 1031 3224 male
1054 3165 1151 3222 facere
1174 3185 1237 3222 cre·

117 3273 220 3331 darem
249 3271 321 3330 mihi
348 3270 497 3346 impunius
520 3266 640 3328 licere“.
684 3268 798 3326 Ritsch.
825 3263 943 3344 „quod“
969 3267 1089 3345 scripsit
1110 3273 1146 3326 ut
1169 3267 1240 3326 678.

116 3406 160 3417 —-
177 3389 251 3434 rear
266 3389 335 3434 ease
351 3367 545 3446 defaecatam
563 3369 676 3431 Camer.
696 3390 761 3444 em,
786 3375 805 3430 i.
819 3391 843 3430 e.
862 3376 1029 3448 purgatam,
1054 3390 1081 3428 v.
1099 3371 1168 3428 Aul.
1189 3372 1239 3428 79.

116 3479 257 3538 Formam
286 3471 448 3552 delicatam
470 3474 585 3534 Ritsch.
608 3473 741 3532 defendit
770 3477 824 3549 „ut
851 3471 972 3544 decido,
1000 3468 1176 3548 pertisum“.
1203 3501 1241 3511 -

120 3583 191 3641 155.
215 3579 330 3657 Scapha
357 3577 488 3656 puellam
516 3578 644 3636 irrideus
667 3578 718 3650 ait,
741 3576 874 3655 prolecto
896 3575 952 3634 hoc
975 3595 1053 3634 anno
1080 3580 1116 3633 ut
1137 3576 1240 3633 messis

116 3703 226 3760 magna
248 3682 347 3755 luerit,
371 3683 415 3738 ita
437 3684 537 3740 omnia
558 3681 632 3738 bene
655 3683 783 3739 evenire.
828 3673 940 3753 hoco,
964 3698 992 3737 r.
1015 3677 1090 3736 Non.
1115 3698 1144 3754 p.
1171 3679 1240 3736 121.

118 3786 264 3846 Similiter
291 3779 503 3862 „quotidiauo“
528 3803 583 3862 pro
607 3782 761 3860 quotidie,
795 3777 969 3855 „hesterno“
994 3801 1050 3857 pro
1072 3780 1153 3854 heri,
1182 3780 1239 3837 vid.

117 3887 220 3948 Madv.
244 3887 300 3964 Ep.
324 3886 362 3946 ad
385 3886 475 3945 Orell.
499 3906 528 3963 p.
554 3887 603 3945 60.
627 3917 668 3924 -
695 3885 763 3944 Non
792 3883 950 3944 admodum
973 3885 1071 3962 placet
1092 3902 1155 3942 roe.
1178 3877 1243 3956 fait

118 3995 149 4050 in
173 3991 338 4068 proximum
357 4008 474 4048 versum
494 3988 679 4062 translatum,
703 3987 757 4046 sed
773 3991 888 4046 mutare
905 4007 964 4045 non
982 3985 1086 4045 audeo.
1127 3985 1240 4044 Ritsch.

118 4096 194 4154 satia
217 4094 369 4170 eleganter
391 4093 433 4150 sic
455 4090 567 4150 edidit:
850 4153 856 4162 Ι

185 4197 237 4257 SC.
260 4195 395 4254 Euentus
417 4194 506 4254 rebus
528 4194 686 4268 omnibnst‚
708 4193 792 4251 uelut
812 4191 908 4250 horno
931 4193 1033 4249 messis
1056 4195 1201 4264 magnast.

175 4297 238 4356 PH.
262 4297 339 4369 Quid
362 4317 398 4356 ea
418 4317 487 4355 nam
511 4296 613 4356 messis
636 4295 745 4354 attinet
768 4295 806 4352 ad
829 4315 923 4352 meam
946 4292 1149 4353 locationem?
