3030 5050
115 467 147 528 V,
166 470 190 527 2,
210 471 309 522 7-20
635 465 742 520 Casina.
783 443 787 452 γ
1203 469 1244 530 69

115 657 178 722 Ubi
203 661 293 722 intro
316 657 379 721 hao
402 678 520 721 nouam
544 663 681 740 nuptam
699 656 829 730 deduxi,
854 663 943 718 reeta
962 656 1017 719 uia
1036 656 1068 718 in
1088 655 1243 719 oonolaue

834 763 970 843 abduxi3
1078 832 1083 840 ,

114 875 178 942 Sed
191 875 351 940 tenebrae
363 874 408 939 ibi
421 881 515 940 erant
527 879 696 956 tamquam
708 873 742 937 in
753 879 863 956 puteo.
898 871 1001 950 Quom
1015 893 1114 936 senex
1126 871 1242 952 abstet,
1287 875 1292 886 '

834 979 991 1044 decumbe
1012 982 1153 1064 inquam.
1191 999 1243 1050 820

323 1089 476 1170 Conloem
500 1091 610 1168 fulcio,
633 1088 754 1168 mollio,
776 1087 939 1166 blandior,

322 1199 367 1266 Ut
389 1201 481 1284 prior
504 1219 602 1284 quam
626 1217 725 1262 senex
747 1218 815 1280 nup
840 1247 846 1260 .
872 1248 878 1260 .
905 1249 911 1261 .

322 1309 452 1374 Tardus
475 1329 546 1373 esse
569 1307 644 1372 ilico
668 1305 772 1387 coepi,
796 1305 948 1386 quoniam
974 1357 979 1368 .
1005 1352 1013 1367 .
1038 1359 1044 1370 .

324 1417 483 1501 Respecto
507 1415 697 1492 identidem,
720 1434 760 1477 ne
783 1434 881 1478 senex
906 1467 911 1476 .
937 1466 943 1478 .
973 1451 976 1456 -

199 1526 406 1591 Inlecebram
430 1525 535 1608 stupri
559 1524 719 1612 principio
744 1543 815 1586 eam
840 1522 967 1610 sanium
991 1545 1100 1606 poseo.
1190 1537 1241 1595 aaa

201 1634 359 1719 Reppulit
381 1634 460 1698 mihi
484 1654 631 1711 manum3
664 1653 769 1714 neque
798 1632 884 1695 enim
915 1629 993 1696 dare
1023 1632 1086 1698 sibi
1110 1636 1237 1698 sanium

834 1760 884 1802 me
908 1739 995 1803 sinit.

106 1853 211 1917 Enim
235 1852 300 1915 iam
323 1852 426 1932 magis
455 1851 655 1934 adpropero,
685 1850 786 1931 magis
814 1849 878 1912 iam
908 1847 1000 1913 lubet
1027 1851 1060 1913 in
1085 1849 1238 1916 Casinam

830 1959 970 2020 inruere.

105 2068 221 2151 Cupio
243 2066 334 2132 illam
357 2087 492 2150 operam
516 2069 586 2140 seni
605 2068 783 2150 surripere3
806 2063 942 2142 'fierem
960 2066 1055 2145 obdo,
1080 2089 1121 2132 ne
1139 2089 1239 2134 senex

831 2195 881 2238 mo
904 2177 1112 2258 opprimeret.

569 2346 779 2430 Myrrhina

104 2460 182 2540 Age
206 2455 284 2520 dum
307 2461 344 2519 tu
366 2455 422 2521 adi
444 2455 539 2520 huno.

557 2607 794 2676 Cleostrata

516 2717 668 2796 Obseoro,
692 2718 747 2783 ubi
762 2724 829 2782 ‘tua
852 2739 939 2783 noua
961 2725 1063 2802 nupta
1086 2719 1158 2785 ost?

583 2895 767 2978 Olympio

106 3007 201 3072 Perii
224 3003 335 3070 barole
358 3026 433 3086 ego;
458 3004 642 3070 manufesta
664 3025 715 3068 res
738 3011 798 3070 est.

559 3179 793 3247 Cleostrata

105 3293 252 3360 Omnem
276 3291 308 3353 in
333 3289 446 3354 ordine
470 3311 537 3354 rem
562 3291 658 3355 fateri
682 3311 757 3372 ergo
781 3311 919 3372 aequom
943 3295 1002 3355 est.

105 3399 199 3479 Quid
222 3401 311 3464 intus
335 3398 466 3481 agitur?
489 3399 566 3483 quid
591 3400 659 3481 agit
681 3397 820 3464 Casina?
844 3400 929 3463 satin
953 3399 1114 3481 morigera
1137 3397 1210 3462 est‘?

585 3573 769 3660 Olympio

913 3685 1019 3750 Pudet
1041 3685 1149 3749 dieere
1173 3705 1232 3778 me.

106 3837 321 3852 ,θ--ώ-

197 3947 250 3999 819
269 3945 345 3999 intus
364 3946 389 3998 A
467 3946 540 4000 hano
566 4007 570 4014 Ι
620 3947 665 4000 uia
681 3953 760 4001 recta
771 3983 845 4003 .....
856 3948 935 4003 olane
953 3944 1029 4001 ΒΙΕ
1109 3947 1161 3999 820
1180 3943 1236 3999 Sed

105 4042 205 4088 tamen
224 4031 359 4084 tenebrae
464 4033 491 4084 in
511 4039 595 4100 puteo
615 4051 700 4101 quom
719 4050 768 4088 orn.
787 4033 863 4089 ΒΙΕ
964 4051 1053 4088 ..nex
1071 4030 1146 4086 Bw

107 4121 191 4174 abste
211 4116 294 4182 Bm,
313 4125 377 4186 apte
396 4119 421 4171 A
535 4117 700 4170 decumbam
720 4117 767 4191 IE
876 4123 922 4173 821
945 4115 1239 4172 blandiorom.B1E

106 4207 164 4260 823
182 4205 244 4272 oepi
263 4202 311 4257 Hd
420 4206 472 4256 824
489 4205 577 4256 sexI
681 4207 732 4258 825
750 4205 920 4260 Inlecebrem
940 4203 975 4270 Β,
994 4204 1172 4258 Iuoelebram
1190 4203 1238 4258 In

107 4291 165 4344 827
183 4289 265 4370 Enim
285 4290 341 4342 iam
359 4289 448 4358 magis
466 4289 521 4342 iam
609 4291 657 4343 881
680 4291 805 4345 ordinem
910 4307 1008 4359 aegum
1026 4289 1091 4358 ΒΕ,
1109 4295 1201 4344 aetum
1220 4292 1240 4344 1

106 4377 164 4430 882
182 4375 289 4454 discere
307 4369 338 4428 E

452 4503 459 4543 ἱ
