2976 5018
175 349 235 408 128
678 341 784 396 Casius.

172 537 266 595 Huius
292 541 493 612 Κληρουμένους
517 539 638 596 Plautus
662 537 768 594 Latine
791 537 881 593 vertit
902 535 942 608 (v.
964 529 1027 608 31),
1052 541 1236 612 mutatoque,
1261 543 1300 594 ut

173 640 296 710 solebat,
320 643 446 716 nomine,
470 641 637 700 Casinam
661 639 838 717 appellavit;
862 632 963 714 (codd.
982 657 1059 716 sepe
1083 658 1182 696 errore
1206 638 1300 712 „Cas-

173 741 284 802 einam“
310 745 454 822 prebent,
478 745 501 802 B
529 737 707 816 „Casiam“).
763 741 859 812 Quum
888 760 959 799 vero
983 741 1096 816 aliquot
1120 743 1205 800 anuis
1227 747 1301 818 post

173 846 272 904 Plauti
300 853 424 905 mortem
453 847 549 904 denuo
583 846 759 917 referretur,
795 845 949 920 antiquum
984 863 1091 903 nomen
1124 849 1301 903 revocatum

174 955 228 1020 est,
252 955 286 1006 ut
308 949 523 1007 Sortientes
546 948 646 1005 fabula
670 947 828 1020 diceretur,
861 967 888 1004 v.
912 947 1025 1005 Ritsoh.
1049 947 1170 1024 Parerg.
1195 946 1298 1006 Plaut.

47 1054 50 1066 ¹
173 1073 203 1129 p.
228 1054 299 1123 203,
323 1053 358 1110 of.
384 1051 546 1108 Francken.
572 1049 754 1124 Mnemosyn.
778 1051 819 1107 IV
837 1071 866 1127 p.
891 1051 960 1108 163.
1005 1049 1090 1120 Quod
1113 1069 1204 1124 quum
1226 1058 1301 1127 post

87 1206 90 1219 ,
174 1175 282 1213 annum
308 1157 365 1214 159
394 1155 504 1212 lectum
534 1154 684 1221 videatur,
714 1173 781 1212 nam
809 1153 949 1210 Terentio
979 1154 1046 1210 vivo
1075 1173 1167 1212 novas
1194 1173 1300 1212 omnes

174 1257 340 1314 comoedias
368 1261 514 1314 neminem
542 1263 603 1313 tam
633 1259 827 1333 contemptim
861 1274 1105 1314 commemorasse
1139 1257 1300 1330 credimus,

174 1380 262 1438 quem
291 1360 364 1418 lacit
392 1359 535 1435 prologos
565 1378 590 1415 v.
616 1362 650 1432 9,
686 1366 784 1418 tamen
816 1379 852 1417 ex
881 1360 977 1417 altere
1005 1365 1090 1434 parto
1120 1380 1179 1419 non
1208 1361 1299 1418 nimis

173 1465 260 1539 longo
284 1462 441 1521 intervallo
465 1482 482 1519 a
505 1461 601 1519 Plauti
626 1468 721 1519 morte
743 1457 781 1536 (a.
806 1457 879 1537 184)
902 1467 1049 1520 remotum
1072 1481 1137 1521 esse
1160 1469 1296 1541 apparet,

175 1569 312 1643 quoniam
347 1571 547 1642 spectatorum
580 1567 633 1642 qui
666 1567 798 1623 seniores
833 1572 933 1622 essent
961 1564 1090 1623 fabulam
1118 1567 1176 1624 iam
1204 1567 1299 1625 semel

174 1681 322 1746 spectasse
346 1674 376 1725 et
398 1667 539 1745 probasse
563 1669 702 1726 dicuntur
724 1665 764 1738 (v.
792 1662 851 1740 14).
906 1665 1015 1724 Eadem
1045 1669 1160 1726 ratione
1190 1668 1298 1727 ductus

176 1771 353 1830 Ritschelius
381 1771 501 1847 Parerg.
526 1790 554 1846 p.
582 1772 638 1828 191
664 1790 708 1846 sq.
738 1790 798 1827 non
826 1771 973 1827 immerito
1003 1770 1140 1827 Casinam
1170 1775 1297 1846 posteri·

173 1874 274 1933 oribus
296 1873 395 1931 Plauti
418 1871 525 1930 fabulis
548 1872 730 1930 adnumerat.
788 1873 857 1931 Haeo
876 1891 976 1948 ,quum
1007 1874 1135 1949 primum
1159 1881 1224 1932 acta
1246 1877 1296 1946 sit,

173 1997 274 2037 omnes
306 1977 421 2034 fabulas
454 1976 560 2033 vicisse
594 1975 704 2033 dieitur
738 1968 780 2051 (v.
812 1972 879 2050 17),
915 1995 969 2033 nee
1002 1974 1188 2050 dubitamus,
1223 1966 1296 2052 buin

174 2082 264 2138 etiam
287 2087 393 2156 postea
420 2078 566 2153 placuerit
594 2085 625 2135 et
652 2097 730 2154 saepe
752 2097 867 2136 scenam
890 2079 1155 2156 perambulaverit,
1190 2099 1295 2155 quam-

174 2203 262 2261 quam
290 2188 442 2249 errarunt,
476 2183 540 2256 qui,
575 2200 666 2257 quum
693 2179 895 2239 Romanellius
924 2177 1062 2258 (Vieggio
1091 2179 1122 2243 di
1150 2181 1258 2258 Napoli
1282 2183 1297 2240 l

172 2309 202 2364 p.
229 2283 303 2352 216)
328 2283 454 2360 exempli
478 2303 565 2341 causa
587 2288 728 2341 tesseram
751 2284 929 2343 theatralem
953 2304 1017 2343 cum
1041 2284 1297 2343 Casinae‘nomine

173 2391 230 2448 sibi
252 2388 400 2460 finxisset,
429 2387 505 2444 hanc
529 2406 584 2462 pro
607 2406 678 2446 vero
702 2390 891 2464 antiquitatis
914 2393 1104 2447 monumento
1128 2387 1298 2445 habuerunt

175 2487 224 2568 (ut
249 2491 340 2550 Orell.
368 2491 458 2549 lusor.
490 2488 556 2548 Lat.
586 2510 614 2548 ιι.
641 2491 731 2548 2538.
778 2489 890 2549 Ritsch.
919 2491 1042 2566 Parerg.
1072 2510 1100 2566 p.
1132 2487 1233 2565 204),
1268 2513 1296 2550 v.

173 2593 328 2666 Wieseler,
352 2591 614 2666 Theatergebeude
631 2613 660 2650 u.
678 2591 860 2651 Denkmtler
879 2594 929 2650 des
948 2593 1185 2651 Bilhnenweseus
1202 2614 1230 2670 p.
1246 2595 1297 2653 38.

174 2695 215 2754 Et
237 2701 282 2753 est
303 2694 406 2752 sabula
428 2697 574 2771 imprimis
597 2695 731 2770 ridicula,
763 2696 841 2755 uude
864 2701 953 2755 etiem
977 2699 1141 2754 recentiore
1163 2703 1298 2772 tempore

173 2801 338 2858 imitatores
366 2797 485 2869 habuit,
521 2799 645 2856 maxime
669 2797 924 2871 Machiavellium,
960 2801 1041 2858 ouius
1065 2797 1156 2856 Clinia
1183 2819 1218 2856 ex
1241 2799 1298 2858 hac

173 2901 276 2960 fabula
291 2901 354 2958 fere
371 2919 510 2976 expressa
527 2906 581 2958 est.
627 2899 704 2957 Addi
722 2907 822 2977 potest
833 2905 921 2960 etiam
934 2903 1086 2961 comoedia
1101 2897 1297 2977 „L’Errore“,

174 2995 264 3082 quam
288 3005 407 3080 scripsit
430 2999 641 3062 Giambattista
663 3002 749 3061 Gelli.

259 3107 344 3178 Quod
367 3111 466 3164 autem
490 3107 550 3179 alii,
574 3113 607 3164 ut
630 3106 777 3183 Ladewig.
802 3105 879 3165 Mus.
903 3107 997 3166 Rhen.
1022 3107 1065 3166 III
1088 3129 1115 3185 p.
1146 3109 1204 3165 186
1228 3127 1295 3184 sqq.

174 3209 278 3268 Goetz.
303 3211 368 3267 Aet.
393 3207 541 3285 Lipsiens.
565 3208 605 3266 Vl
628 3231 657 3287 p.
684 3211 742 3268 277
767 3217 861 3268 totam
884 3210 1014 3268 fabulam
1038 3231 1056 3267 a
1079 3211 1297 3287 posterioribus

174 3317 364 3371 retractatam
394 3331 456 3368 esse
486 3321 620 3383 censent,
650 3313 810 3371 Teuffelius
833 3319 931 3370 autem
954 3313 1031 3371 Mus.
1055 3311 1148 3370 Rhen.
1173 3311 1242 3371 VIII
1264 3331 1295 3389 p.

175 3416 215 3474 27
242 3434 317 3490 sqq,
352 3412 476 3472 Studien
504 3435 532 3472 u.
557 3413 830 3474 Cbarakteristiken
858 3437 887 3493 p.
917 3417 988 3488 259,
1022 3422 1136 3494 partem
1165 3415 1297 3492 aliquam

174 3519 236 3576 eius
260 3521 401 3574 resectam
428 3521 532 3592 putat,
566 3518 637 3575 mihi
671 3525 809 3577 neutrum
843 3517 1001 3596 probabile
1030 3519 1159 3577 videtur.
1216 3517 1296 3576 Illud

174 3627 299 3697 apparet
320 3620 515 3697 posteriorem
537 3619 648 3677 fabulae
671 3627 786 3698 partem
810 3624 955 3698 temporis
977 3623 1088 3681 iniuria
1110 3621 1236 3680 laceram
1256 3621 1296 3680 ad

174 3743 228 3782 nos
244 3723 415 3800 pervenisse
433 3722 606 3798 lacunisque
626 3722 788 3796 abundare,
813 3743 903 3800 quum
926 3728 1075 3803 scriptura
1098 3725 1252 3801 archetypi
1276 3745 1295 3783 a

172 3825 303 3884 librariis
326 3825 385 3900 legi
407 3845 467 3884 nou
489 3827 630 3903 potuerit.
674 3823 835 3901 Egregium
858 3827 932 3884 illud
955 3829 1088 3904 quidem,
1115 3827 1167 3886 sed
1189 3847 1294 3906 parum

173 3927 322 3988 sufficiens
345 3929 486 3986 auxilium
510 3929 612 3986 attulit
629 3926 837 4004 palimpsestus
854 3929 1079 4005 Ambrosianus,
1100 3933 1182 3989 euius
1201 3933 1294 4007 scrip·

173 4038 255 4089 turae
268 4030 458 4107 protulerunt
482 4030 651 4107 Geppertus
675 4032 704 4088 in
727 4031 856 4089 editione
880 4039 910 4090 et
939 4035 1047 4109 passim
1072 4033 1294 4094 Studemuudus

173 4141 203 4190 et
222 4131 367 4190 Loewius.
414 4133 508 4192 Huius
527 4153 592 4211 quae
615 4134 652 4190 ad
671 4133 810 4192 Casinam
826 4136 978 4210 pertinent
995 4136 1171 4195 membranae
1190 4157 1294 4195 versus

173 4237 382 4296 continuerunt
406 4237 560 4309 38-176,
586 4237 762 4309 ele-821,
788 4238 847 4295 883
871 4235 908 4295 ad
932 4239 1043 4296 exitum
1067 4237 1183 4298 labulae.
