2970 5006
570 358 601 412 v.
620 361 762 412 css-css.
1166 367 1227 426 279

104 549 229 622 hebent,
256 548 383 628 „igitur“
408 571 513 630 perum
537 557 638 631 aptum
663 558 719 612 est.
741 583 784 593 —
808 555 877 610 515.
902 545 1051 630 Flayitio.
1087 553 1227 614 Convicio

102 654 213 731 populi
237 659 302 726 eut,
333 657 357 712 si
380 658 474 729 magis
497 655 699 729 contenderis,
733 656 844 715 iudicio
868 655 1039 715 demnatum
1061 662 1091 714 te
1114 675 1226 734 cogam,

103 759 138 814 ut
161 775 261 814 mcum
283 757 356 814 rcihi
377 756 495 816 reddas.
520 787 557 798 -
583 759 693 831 tamen,
716 778 744 817 v.
769 757 806 815 sd
828 757 935 835 Amph.
961 761 1031 818 538.

196 857 265 918 516.
300 855 354 935 qut
379 857 413 918 in
440 855 539 922 tactis
554 857 685 935 positus
706 875 777 920 sum
799 856 969 920 sententiis.
1020 861 1051 920 Si
1073 861 1134 920 hnc
1157 881 1227 920 vera

101 966 192 1035 sunt,
225 981 345 1021 necesse
374 967 420 1020 est
449 963 629 1037 significent:
663 964 714 1038 qui
736 968 822 1022 tonte
844 962 931 1021 leude
953 963 1085 1040 gaudeo,
1115 967 1167 1041 qni
1190 985 1225 1024 eo

100 1064 172 1122 loco
196 1065 311 1140 positus
333 1085 412 1138 sum,
441 1070 557 1124 uttam
580 1065 748 1123 honorificae
771 1065 807 1123 de
829 1085 875 1124 me
896 1065 1047 1125 hominum
1071 1069 1226 1126 sententies

99 1165 250 1224 ferentur.
309 1166 503 1243 Antiquiores
534 1169 715 1244 interpretes
745 1187 835 1244 quum
869 1170 953 1226 veria
986 1173 1088 1228 consti
1121 1175 1224 1244 essent,

98 1268 274 1328 Gronovius
298 1269 334 1327 de
357 1269 587 1330 auctoritatibus
610 1271 792 1347 prescriptis
814 1270 1049 1349 psephismetum
1074 1275 1224 1350 cogitavit,

99 1390 233 1448 eumque
255 1373 410 1445 intellexit,
435 1373 518 1432 cuins
535 1374 566 1431 in
584 1373 760 1430 sententiam
778 1393 854 1450 saepe
871 1373 975 1451 populi
992 1376 1098 1432 scitum
1114 1375 1224 1434 factum

99 1479 200 1546 esset3
229 1475 316 1533 nimis
339 1479 484 1534 contorte.
540 1474 708 1552 Geppertus
730 1478 883 1534 tamenin
911 1475 1000 1548 hanc,
1030 1476 1131 1550 credo,
1160 1498 1222 1536 sen«

98 1577 232 1634 tentiam
262 1572 457 1655 „promptus“
489 1575 584 1636 edidit
611 1599 665 1655 pro
691 1574 855 1655 „positus“.
912 1580 946 1636 Io
967 1578 995 1636 A
1020 1577 1221 1656 „quintantis“

98 1679 213 1738 lectum
237 1684 296 1753 est,
321 1680 374 1738 sed
396 1685 431 1739 ut
452 1681 535 1758 prius
558 1702 577 1738 n
603 1679 799 1759 „perdebium
822 1677 892 1740 sit“.
944 1680 1022 1740 Num
1045 1681 1117 1740 fuit:
1154 1686 1224 1758 „qui

98 1784 200 1840 tentis
222 1788 325 1840 suctus
347 1803 411 1842 sum
433 1780 631 1842 sententiis“?
654 1813 696 1822 -
720 1785 876 1858 517-19,
899 1789 960 1842 tres
983 1803 1084 1842 versus
1107 1787 1223 1862 ineptos

98 1905 137 1942 ne
151 1887 221 1962 quis
234 1885 372 1944 domuere
390 1885 516 1960 dubitet,
535 1885 643 1944 absunt
660 1886 751 1959 nbA;
773 1888 895 1944 tertium
913 1885 1070 1944 emendare
1085 1887 1224 1947 videntur

98 1991 154 2064 qui
189 1985 325 2061 „irrisui“
357 1993 388 2047 et
417 1965 662 2064 ‚,depeculetui“¹
681 1989 830 2062 scribunt,
865 2009 919 2047 nec
951 1994 1051 2047 tomen
1084 2008 1223 2048 numeros

98 2092 254 2165 legitimos
278 2090 418 2150 efficiunt.
441 2122 484 2131 -—
514 2093 584 2150 520.
606 2085 651 2150 Ec·
673 2087 735 2152 neto
756 2093 797 2165 A,
821 2091 926 2169 Gepp.,
950 2091 1051 2150 Goctz.
1080 2120 1123 2131 -
1151 2094 1220 2151 521.

96 2209 149 2252 me
173 2189 305 2252 minoris
326 2192 367 2266 A,
395 2199 430 2252 ut
451 2195 509 2251 iem
532 2193 667 2268 Pylades.
712 2194 812 2252 Minus
840 2195 994 2270 indignum
1022 2193 1095 2252 dicit
1116 2214 1147 2252 se
1169 2194 1221 2252 de·

98 2302 224 2374 ceptum
252 2315 314 2354 csse
344 2317 432 2372 quom
455 2295 650 2374 Apoecidem,
685 2299 768 2355 cuius
796 2297 937 2374 peritiam
964 2297 1064 2372 legum
1093 2302 1123 2355 et
1150 2299 1222 2356 iuris

96 2400 192 2476 vulgo
215 2399 350 2472 laudent,
385 2419 412 2458 v.
438 2401 514 2474 293,
548 2399 690 2474 cuiusque
718 2417 809 2476 opere
837 2401 867 2457 in
896 2397 1011 2474 legibus
1039 2398 1169 2458 ferendis
1193 2405 1222 2458 et

97 2502 263 2561 condendis
287 2504 364 2560 cives
386 2503 431 2560 uti
454 2503 578 2561 soleant.
593 2529 634 2540 -
653 2503 723 2560 522.
747 2497 890 2561 conditor
911 2507 991 2560 recte
1013 2501 1052 2574 B,
1083 2501 1119 2560 ei.
1143 2500 1219 2561 Rud.

100 2607 200 2665 1374:
227 2609 292 2678 „ius
306 2604 464 2662 iurandum
477 2598 688 2663 conditumst“.
722 2605 829 2665 Pseud.
845 2605 923 2664 577:
950 2622 1033 2678 „meo
1051 2607 1082 2663 in
1100 2609 1220 2682 pectore

97 2708 255 2767 conditum
274 2701 306 2783 (i.
320 2727 344 2765 c.
357 2703 522 2778 inventum)
542 2707 697 2765 consilinm
714 2703 792 2766 est“.
836 2707 881 2766 Ns
899 2709 1020 2782 quintus
1036 2726 1089 2784 pes
1105 2706 1220 2766 iembns

96 2813 150 2884 sit,
173 2810 280 2870 Luchs.
302 2810 435 2868 Studem.
456 2808 539 2868 Stud.
559 2807 572 2865 Ι
594 2829 624 2886 p.
652 2811 690 2866 55
714 2815 841 2886 transp.:
869 2808 1022 2884 „conditor
1044 2804 1160 2868 fictor“‚
1180 2839 1218 2848 -

95 2912 205 2974 iurum
226 2915 258 2970 in
279 2911 304 2970 B
323 2911 436 2971 emend.
456 2941 499 2953 —
517 2914 587 2970 524.
610 2910 656 2969 Ex
672 2911 700 2969 A
719 2913 838 2990 explete
860 2917 906 2971 est
926 2912 1032 2970 lacuna
1054 2916 1219 2970 ceterorum

97 3015 249 3086 codicum,
279 3035 338 3091 que
364 3035 425 3074 non
454 3013 659 3073 animadversa
686 3014 753 3074 edd.
778 3019 846 3073 ente
870 3015 1051 3092 Gsppcrtnm
1079 3013 1218 3072 melleum

97 3118 256 3178 manubrio
289 3117 501 3196 sapientiorem
533 3115 641 3176 Plauto
677 3119 773 3176 visum
812 3137 875 3175 cese
912 3116 1066 3195 putebant.
1126 3116 1219 3174 Immo

96 3221 238 3280 malleum
261 3219 417 3279 manubrio
447 3219 583 3276 orbatum
614 3240 675 3277 rem
704 3223 746 3278 cit
768 3239 832 3278 esse
855 3219 991 3279 inutilem
1014 3223 1044 3276 et
1065 3238 1124 3294 qus
1145 3219 1220 3278 nihil

96 3325 171 3382 scite
195 3328 247 3382 snt
270 3321 428 3381 artificiose
451 3322 515 3395 geri
536 3324 640 3398 possit.

187 3427 257 3484 525.
290 3423 403 3484 Novem
438 3444 555 3482 scenam
587 3425 655 3483 hinc
689 3427 781 3503 incipi
808 3444 875 3484 non
903 3427 976 3482 sctis
1009 3423 1219 3483 animadvertit

97 3529 239 3587 librarius
262 3527 327 3586 cod.
352 3525 389 3599 B,
420 3526 472 3584 sed
502 3526 689 3586 antecedenti
717 3528 816 3586 versui
844 3532 976 3586 extremo
1005 3525 1139 3585 additum
1161 3527 1219 3584 fuit

101 3628 258 3705 „mulier“‚
287 3634 395 3707 postes
418 3648 549 3702 cresum3
582 3632 709 3688 retinuit
730 3632 753 3689 I.
804 3629 936 3688 Advenit
958 3635 1055 3688 nutem
1078 3628 1219 3706 Philipps

97 3739 192 3791 mater
215 3731 283 3790 filice
306 3751 342 3789 ex
359 3730 526 3808 Periphene
549 3732 618 3790 olim
641 3739 791 3809 susceptis,
817 3752 903 3810 quem
922 3753 1012 3809 quum
1027 3732 1060 3789 in
1077 3729 1217 3790 Thebano

99 3837 178 3895 bello
201 3839 320 3914 ceptam
343 3847 405 3894 esse
429 3833 569 3908 audierit,
593 3836 699 3893 timore
721 3835 810 3914 plens
831 3841 947 3914 petrem
970 3833 1077 3913 puellee
1099 3834 1216 3910 quierit.

98 3937 301 3996 Lsmentabile
321 3938 466 3996 canticum
489 3956 506 3994 e
528 3937 667 3997 trocheis
689 3939 833 4016 incipiens
855 3941 887 3996 in
910 3939 1033 3995 creticos
1057 3935 1136 4008 ebit3
1165 3934 1218 3993 sed

98 4040 251 4118 discriptio
280 4059 419 4100 versuum
442 4041 473 4097 in
496 4039 520 4097 B
542 4041 652 4099 nullam
676 4043 797 4100 omnino
820 4039 908 4099 fidem
927 4039 1026 4112 habet,
1048 4040 1080 4096 in
1098 4039 1125 4096 A
1146 4057 1216 4114 per-

98 4163 193 4218 peuoc
214 4143 274 4218 legi
296 4147 468 4218 potuerunt.
513 4142 623 4220 Incipit
645 4147 758 4216 eutem,
784 4145 909 4202 exclusis
932 4143 1057 4220 spuriis,
1082 4161 1099 4198 e
1121 4139 1215 4199 troch.
