3030 5050
129 413 180 476 IV.
198 416 221 480 3,
239 416 325 466 4-16
485 373 490 380 Ι
638 413 744 468 Oreine.
1211 423 1251 482 63

602 603 647 668 01
679 625 711 668 m
746 605 782 668 io

334 712 377 775 At
399 732 459 796 ego
482 711 590 778 herole
613 625 825 777 nillilipleoio.
867 712 941 776 Tibi
963 732 1058 778 emor
1080 715 1250 796 perditust,

130 819 212 884 Mihi
234 821 395 886 inanitate
417 822 481 884 iam
504 821 626 886 dudum
650 823 806 885 intestine
829 831 1042 886 murmurant.
1201 839 1251 892 'loo

570 940 812 1024 hysidomus

130 1049 214 1113 Nem
229 1050 306 1132 quid
326 1050 421 1114 illaeo
440 1070 526 1114 nuno
544 1056 613 1114 tem
631 1048 687 1114 diu
704 1051 793 1114 intus
811 1059 1016 1115 remorantur
1028 1050 1252 1132 remeligines?

130 1158 236 1236 Quasi
258 1159 300 1223 ob
322 1159 535 1231 industriam,
569 1164 692 1241 quanto
721 1178 780 1240 ego
809 1157 884 1242 plue
914 1179 1069 1241 propero,
1103 1160 1253 1242 procedit

846 1267 963 1331 minue.

601 1385 781 1469 Olympio

129 1495 219 1573 Quid
239 1499 266 1561 si
284 1498 383 1560 etiem
401 1505 567 1561 oecentem
585 1494 809 1575 hymenaeum.
835 1495 862 1557 si
880 1497 936 1578 qui
954 1497 1051 1558 eitius
1071 1495 1253 1578 prodeunt?

572 1615 811 1698 Lysidemus

128 1723 266 1796 Censeo,
291 1732 324 1788 et
346 1745 406 1806 ege
429 1733 461 1788 te
484 1723 642 1788 adiutabo
665 1725 698 1788 in
720 1725 845 1806 nuptiis
868 1723 1102 1788 communibus.

440 1843 626 1927 Qlympio
648 1851 682 1908 et
704 1843 947 1926 Lysidamus

220 1952 342 2036 Hymen
366 1952 552 2034 hymenaee,
576 1973 595 2016 o
618 1951 743 2035 hymen.
1202 1970 1254 2022 760

570 2071 812 2155 Lysidamus
1111 2140 1116 2150 ,

126 2181 219 2245 Perii
242 2181 349 2245 hercle
372 2201 433 2264 ego
457 2182 569 2260 miser;
593 2182 701 2264 dirupi
725 2203 775 2246 me
795 2179 958 2244 cantando
976 2179 1188 2262 hymenaeum
1210 2182 1250 2256 io,

127 2289 176 2354 Et
198 2289 256 2354 illo
278 2289 401 2358 morbo.
425 2310 490 2372 quo
513 2289 655 2372 dirumpi
677 2293 783 2371 cupio,
807 2309 871 2353 nou
895 2295 946 2352 est
968 2290 1072 2372 copie.

603 2409 783 2493 Olympio

126 2517 260 2601 Edepol
282 2538 322 2582 ne
345 2525 390 2593 tu,
415 2520 443 2583 si
465 2539 566 2602 equos
588 2537 689 2594 essee,
712 2537 799 2582 esses
821 2516 1038 2581 indomabilis.

128 2723 204 2800 Quo
227 2724 442 2806 argumento?
574 2636 810 2720 Lymamus

604 2830 784 2915 Olympio

451 2941 555 3005 Nimis
578 2948 677 3006 tenax
699 2963 742 3007 es.

575 3061 813 3146 Lysidamus

732 3169 819 3234 Num
841 3190 892 3233 me
916 3171 1079 3253 expertu'e
1103 3173 1254 3255 uspiam?

600 3291 783 3376 Olympio

126 3399 173 3466 Di
196 3397 315 3464 melius
337 3398 472 3464 facient.
518 3399 582 3464 Sed
605 3401 735 3482 crepuit
758 3399 890 3481 ostinm;
915 3401 1022 3465 exitur
1044 3399 1141 3465 iores.
1203 3417 1253 3471 'too

574 3521 600 3584 L
635 3520 810 3584 sidamus

126 3629 174 3694 Di
192 3627 304 3693 hercle
323 3649 373 3693 me
393 3629 530 3712 eupiunt
547 3543 723 3694 serdatum.
757 3628 827 3693 Iem
846 3628 975 3696 oboluit
994 3629 1113 3696 Casina
1129 3631 1252 3713 prooul.

219 3883 271 3936 754
288 3883 358 3937 nihil
435 3884 534 3953 pericli
552 3882 641 3948 ABE,
661 3884 787 3952 percliI
860 3887 910 3939 766
928 3892 1086 3941 remoretur
1104 3886 1177 3942 BIE

126 3969 312 4036 remeligines
332 3985 381 4024 om.
400 3968 473 4023 ΒΙΕ
568 3972 619 4023 767
637 3987 760 4039 propero
779 3976 858 4025 tento
877 3972 967 4026 minus
987 3971 1061 4026 Bru
1161 3975 1212 4028 758
1231 3975 1253 4026 ni

128 4057 219 4110 etiem
238 4056 262 4108 ei
281 4056 308 4107 A
384 4054 521 4108 offendam
601 4057 904 4125 ri....prodeentom
929 4057 1003 4112 ΒΙΕ
1075 4061 1126 4112 760
1145 4059 1250 4128 Hymen

125 4145 282 4212 primone
301 4140 327 4192 A
421 4143 471 4194 762
490 4141 610 4209 dirumpi
628 4143 767 4196 contendo
787 4142 835 4195 Bl
932 4145 1051 4198 tol—62
1069 4145 1253 4212 hymenaeum

128 4229 201 4281 licet
218 4225 267 4278 illo
334 4227 384 4278 763
403 4226 545 4295 aequnel
611 4229 661 4279 766
679 4228 774 4294 crepui
792 4229 955 4282 hostiuml
1018 4231 1069 4283 766
1088 4233 1198 4285 ooninue
1217 4229 1252 4299 B,

129 4311 223 4368 casin’
242 4309 272 4362 Ε
610 4307 630 4353 0
