3030 5050
321 1403 511 1470 OLYMPIO
557 1403 780 1484 crimene,
826 1403 953 1470 SERUI
976 1405 1063 1471 DUO

596 1574 780 1660 Olympio

120 1684 195 1750 Non
223 1684 304 1750 mihi
326 1685 424 1750 licere
449 1706 552 1750 meam
575 1706 644 1750 rem
669 1705 718 1749 me
741 1683 858 1760 solum,
875 1693 918 1784 ¹ut
941 1686 1026 1764 uolo,

121 1793 230 1878 Loqui
255 1803 353 1876 atque
377 1795 523 1874 cogitare
546 1794 615 1857 eine
638 1792 693 1858 ted
717 1793 865 1858 arbitro?
1215 1813 1250 1864 oo

121 1901 211 1978 Quid
235 1908 284 1980 tu,
309 1901 438 1977 malum,
464 1923 514 1966 me
537 1903 696 1985 sequere?

591 2037 786 2103 Channus

740 2145 824 2223 Quia
846 2157 971 2212 eertum
994 2156 1045 2214 est
1067 2149 1156 2228 nihi,

121 2252 228 2331 Quasi
252 2254 380 2335 umbra,
402 2277 535 2339 quoquo
558 2255 621 2321 ibis
643 2261 689 2332 tu,
711 2263 744 2320 te
768 2258 930 2339 persequi.

121 2363 213 2440 Quin
236 2362 352 2447 edepol
376 2363 485 2440 etiem,
508 2363 535 2426 ei
558 2365 590 2427 in
614 2384 744 2428 erucem
768 2365 817 2428 uie
841 2385 985 2447 pergere,

120 2469 226 2556 Sequi
250 2471 417 2536 decretum
441 2479 501 2536 oet.
547 2471 673 2536 Dehine
696 2472 838 2537 conicito
861 2479 1014 2548 ceterum.

121 2577 279 2644 Possiene
302 2600 404 2645 neone
427 2579 512 2644 olem
535 2601 586 2644 me
609 2580 725 2645 sutelis
748 2581 816 2644 tuin
1196 2601 1249 2652 ,95

121 2686 320 2770 Praeripere
344 2687 494 2754 Casinam
519 2711 664 2764 uxorem,
688 2689 825 2773 proinde
849 2695 886 2752 ut
908 2689 1065 2771 postules.

596 2829 779 2915 Olympio

122 2937 213 3017 Quid
236 2937 299 3004 tibi
321 2941 431 3021 negoti
454 2961 580 3005 meeum
603 2941 674 3006 eet?

589 3081 785 3148 ohannes

721 3188 806 3268 Quid
830 3193 889 3268 nie,
913 3194 1097 3277 inpudens?

124 3297 212 3376 Quid
235 3301 270 3363 in
293 3299 372 3364 urbe
395 3299 637 3382 reptee‚„uiliee
660 3299 748 3364 houd
772 3303 879 3382 magni
905 3303 1010 3383 preti?

594 3441 777 3527 Olympio

122 3549 242 3616 Lubet.

585 3659 784 3728 Chehnus

279 3768 364 3846 Quin
386 3769 455 3833 ruri
479 3790 522 3846 es,
546 3770 580 3835 in
603 3771 811 3853 praefectura
834 3771 915 3836 tue?

125 3875 211 3954 Quin
234 3878 353 3959 potius,
378 3878 466 3961 quod
488 3879 635 3961 legatum
658 3888 707 3945 eet
730 3879 791 3944 tibi
815 3881 992 3960 negotium,
1199 3899 1250 3951 100

209 4132 365 4190 otuinus
456 4136 490 4189 89
509 4133 586 4191 CAL.
606 4133 668 4188 Non
758 4138 790 4189 91
811 4134 866 4190 01».
886 4134 955 4202 Quin
1046 4139 1080 4191 92
1098 4143 1129 4192 tu
1146 4139 1201 4192 ibis
1219 4144 1248 4193 te

125 4237 234 4289 temper
253 4219 376 4289 sequid
436 4221 470 4274 9⁷
488 4219 567 4274 CAL.
630 4221 756 4290 negotist
773 4221 800 4274 A
859 4215 913 4275 0L.
971 4223 1005 4274 98
1024 4221 1101 4276 CAL.
1121 4221 1194 4289 Quid
1211 4223 1247 4290 Β,

125 4305 151 4358 C.
170 4305 222 4372 Qui
241 4305 272 4359 E
340 4311 430 4360 reete·
449 4303 484 4374 Ε,
502 4308 631 4361 reeteeI
698 4307 744 4362 hio
762 4304 838 4361 BIE
906 4307 1020 4374 mugil
