3030 5050
120 397 152 460 V,
171 401 195 464 4,
213 399 324 464 29-92,
637 399 745 454 Casina.
1207 409 1245 468 77

116 585 179 668 [Ne
214 596 253 652 ut
286 611 358 653 eam
391 609 535 668 amass03
570 591 596 652 si
628 610 688 670 ego
717 609 871 671 umquam
895 589 977 654 adeo
1007 591 1147 673 posthae
1175 592 1242 657 tale

839 697 1018 780 admisero]

115 802 214 868 Nulla
237 825 339 870 eausa
360 812 419 884 est,
443 807 521 888 quin
544 805 742 890 pendentem
759 827 819 882 me,
842 827 933 885 uxor,
957 807 1060 890 uirgis
1077 807 1241 876 aetheree.

577 958 787 1044 Myrrhina

117 1065 246 1133 Censeo
270 1075 403 1133 ecastor
425 1069 556 1134 ueniam
578 1067 667 1134 hano
688 1069 718 1132 ei
740 1069 891 1134 dandam.

567 1221 796 1290 Cleostrata

863 1333 997 1400 Faciam
1020 1341 1057 1400 ut
1080 1340 1115 1400 ta
1136 1336 1240 1404 iubes.

111 1438 256 1522 Propter
290 1461 361 1504 eam
389 1441 473 1506 hano
501 1441 561 1506 tibi
592 1463 660 1508 rem
690 1463 776 1506 nuno
804 1444 933 1536 neniam
964 1445 1070 1509 minus
1104 1455 1242 1524 grauate

832 1573 1000 1636 prospero,
1190 1571 1241 1624 925

110 1655 209 1721 Hane
231 1678 271 1722 ex
293 1657 392 1740 longa
412 1658 594 1742 longiorem
616 1653 658 1723 ne
678 1659 838 1726 faciamus
861 1660 1016 1726 fabulam.

557 1813 793 1896 Lysidamns

107 1919 186 1985 Non
210 1920 301 1986 irata
322 1921 380 1987 es?

558 2069 795 2140 Cleostrata

423 2178 495 2245 Non
517 2201 590 2245 sum
613 2182 709 2246 irata.
808 2219 811 2224 ι

556 2323 792 2407 Lysidamus

749 2434 839 2500 Tuae
861 2434 939 2500 fidei
963 2437 1084 2503 oredo?

556 2574 795 2642 Cleostrata

1133 2690 1235 2757 Meae.

556 2830 582 2894 L
615 2831 792 2896 sidamus

105 2939 322 3022 Lepidiorem
345 2959 479 3004 uxorem
502 2852 607 3005 nemoy
620 2943 803 3025 qnisquam,
823 2960 922 3024 quam
941 2961 999 3022 ogo
1018 2939 1123 3006 habeo
1143 2942 1237 3021 hano,

829 3047 939 3113 habet.

556 3189 796 3257 Cleostrata

108 3302 180 3382 Age
204 3306 240 3363 tu
262 3295 365 3362 redde
387 3298 464 3363 huie
485 3300 664 3383 soipione'm
687 3307 721 3365 et
743 3300 890 3384 pallium.

39 3525 61 3569 φ
575 3453 771 3520 Chahnus

930 3563 1025 3644 Tene,
1050 3567 1078 3630 si
1099 3565 1200 3632 lubet.

109 3671 194 3737 Mihi
216 3672 350 3755 quidem
373 3673 489 3757 edepol
511 3675 664 3755 insignite
686 3673 774 3738 faeta
797 3679 849 3738 est
870 3695 989 3756 magna
1011 3674 1146 3754 iniuria;
1182 3693 1234 3746 930

109 3781 249 3848 Duobus
272 3783 381 3864 nupsi3
404 3789 520 3847 neuter
543 3782 632 3862 feeit,
656 3783 746 3863 qnod
768 3803 873 3847 nouae
895 3790 1018 3865 nuptae
1041 3784 1135 3848 solet.

195 4041 248 4093 922
265 4055 389 4092 samasso
408 4038 433 4090 A
503 4039 661 4095 amisaroI
707 4041 759 4093 924
777 4041 802 4093 ei
820 4055 868 4094 om.
899 3999 905 4011 ¹
936 4043 967 4092 tu
986 4055 1035 4094 om,
1105 4042 1232 4096 oaorem

110 4125 182 4178 hano
200 4126 253 4179 tibi
273 4141 333 4177 rem
349 4119 407 4177 Bm
488 4125 538 4178 926
556 4126 586 4177 ni
664 4128 716 4180 928
734 4144 816 4180 nemo
836 4133 952 4178 uxorem
970 4125 997 4178 A
1084 4127 1232 4197 qnisquam

111 4227 160 4268 om.
178 4211 206 4264 A
402 4210 494 4263 habeo
512 4209 598 4264 habet
615 4211 687 4265 hano
705 4211 778 4264 habe
797 4213 831 4278 A,
851 4212 941 4264 habeo
958 4210 993 4279 sst
1011 4211 1082 4264 hano
1101 4211 1188 4267 habet
1205 4212 1233 4266 Β

111 4298 161 4350 999
179 4297 203 4350 si
220 4312 272 4350 om.
288 4293 364 4349 ΒΙΕ
429 4299 480 4350 930
497 4296 607 4366 insigne
625 4303 653 4350 te
