3030 5022
239 373 279 432 80
748 363 840 420 Plauti
945 361 948 374 '
1185 363 1208 430 1,
1222 363 1364 428 aaa-81

668 553 929 618 Philolaches

230 665 280 726 -Di
303 685 354 727 me
377 662 500 728 faciant
522 661 611 746 quod
634 661 758 738 uolunt,
781 662 814 726 ni
837 661 879 726 ob
902 662 999 726 istam
1023 661 1225 743 orationem,

240 771 284 835 'le
308 771 467 836 liberasso
490 769 598 835 denuo
621 777 656 835 ot
678 771 711 834 ui
735 767 896 853 Scapham
920 767 1096 852 anicasso.]

719 897 878 982 Scapha

184 1091 190 1102 ι
240 1009 273 1074 Si
296 1007 357 1073 tibi
380 1015 431 1074 sat
453 1013 668 1092 acceptumst,
691 1006 761 1072 fore
784 1005 991 1072 tibiuiotum
1014 1007 1248 1091 sempiternum

241 1117 348 1200 Atque
371 1115 461 1180 illum
485 1121 664 1180 amatorem
686 1113 747 1179 tibi
771 1116 939 1214 proprium
962 1114 1106 1180 futurum
1129 1116 1160 1180 in
1184 1117 1263 1193 uita,
1311 1133 1369 1187 220

241 1221 308 1289 Soli
332 1223 512 1306 gerundum
535 1242 652 1288 censeo
675 1241 798 1288 morem
821 1227 854 1288 et
876 1223 1056 1308 capiundas
1080 1225 1189 1290 crinis.

660 1341 943 1412 Philematium

243 1408 284 1516 Pt
307 1451 425 1532 lamast
448 1449 580 1526 homini,
604 1450 677 1514 exin
700 1449 783 1514 solet
806 1431 975 1533 pecuniam
997 1451 1153 1516 inuenire.

244 1559 310 1641 Ego
334 1560 360 1624 si
385 1558 505 1622 honam
527 1559 646 1622 lamam
671 1557 750 1622 mihi
773 1579 934 1652 seruasse,
957 1566 1009 1624 sat
1031 1579 1087 1624 ero
1110 1557 1213 1624 diues.

660 1664 922 1732 Philolaches

244 1775 276 1839 Si
301 1775 431 1880 quidem
455 1773 564 1839 hercle
587 1773 797 1838 uendundust
819 1781 922 1858 pater,
946 1774 1071 1840 uenibit
1095 1773 1194 1840 multo
1219 1773 1343 1856 potius,
1475 1865 1480 1874 ¹

243 1883 349 1960 Quam
371 1893 403 1946 te
426 1903 476 1946 mc
500 1883 576 1946 uiuo
600 1902 755 1964 umquam
779 1883 884 1950 sinam
907 1903 1000 1965 egere
1023 1889 1082 1947 aut
1099 1881 1293 1948 mendicare.
1313 1897 1370 1950 aaa

727 1991 886 2090 scapha
1303 1995 1309 2008 '

244 2113 328 2192 Quid
352 2115 416 2180 illis
439 2114 617 2180 futurumst
639 2116 764 2192 ceteris,
789 2117 901 2199 quite
924 2115 1058 2180 amant?

662 2244 946 2312 Philematium

1071 2353 1174 2435 Magis
1197 2351 1370 2429 ama'buut,

248 2461 353 2538 Quom
375 2481 423 2524 me
446 2459 605 2526 uidebunt
627 2463 763 2544 gratiam
787 2461 908 2526 referre
929 2461 1004 2526 bene
1025 2462 1164 2525 merenti.

676 2567 938 2635 Philolaches

252 2679 381 2742 l'tinam
403 2697 493 2742 meus
517 2697 602 2742 nuno
625 2687 771 2742 mortuus
796 2686 890 2762 pater
910 2677 954 2742 ad
976 2698 1027 2742 ms
1050 2677 1228 2754 nuntietur,

250 2785 293 2852 Ut
316 2807 374 2868 ego
398 2783 587 2849 exheredem
613 2805 662 2848 mo
685 2783 802 2849 luciam
827 2785 921 2850 bonis
945 2791 1045 2868 atque
1068 2784 1149 2852 haec
1173 2785 1215 2848 sit
1238 2782 1343 2849 heres.

727 2891 886 2976 Scapha

249 3001 318 3064 lam
342 3002 404 3064 ista
427 2999 558 3082 quidem
582 2997 757 3084 absumpta
779 3021 831 3066 res
854 3002 917 3066 erit
926 3025 938 3091 ;⁸
968 3001 1037 3066 dies
1066 3007 1245 3082 noctesque
1269 3005 1375 3076 estur,

1012 3109 1147 3184 bibitur,
1317 3123 1375 3176 280
1476 3175 1480 3182 .

250 3175 363 3298 Neque
387 3216 560 3299 quisquam
583 3216 817 3298 parsimoniam
841 3213 990 3295 adhihet3
1014 3216 1131 3298 sagina
1153 3215 1289 3298 planest.

678 3333 952 3400 Philolaches·

251 3443 288 3508 ln
311 3453 344 3510 te
367 3442 475 3508 hercle
499 3448 655 3507 certumst
677 3443 833 3526 principe,
856 3443 977 3510 ut'sim
999 3461 1127 3526 parcus,
1150 3440 1305 3525 experiri;

251 3551 333 3620 Nam
355 3570 461 3648 neque
484 3549 562 3614 edes
582 3549 760 3632 quidquam
779 3571 884 3632 neque
903 3551 995 3616 bibes
1015 3551 1104 3633 apud
1122 3571 1173 3616 me
1191 3550 1240 3614 his
1258 3548 1374 3613 decem

1017 3658 1140 3728 diebus.

338 3895 388 3948 218
405 3894 548 3964 nicaspam
617 3895 666 3948 219
684 3892 826 3950 sacoma*
888 3898 936 3950 221
956 3891 1147 3964 capiendosO
1205 3891 1377 3948 22210180

251 3983 303 4034 224
321 3979 500 4034 ueuduudum
518 3979 542 4032 si
560 3983 639 4047 pater
717 3983 768 4034 226
787 3978 957 4036 amanturO
1028 3981 1078 4032 227
1097 3997 1140 4032 me
1159 3993 1209 4033 om.
1285 3977 1376 4031 reserr

252 4067 295 4118 ..i
314 4067 349 4131 B,
367 4061 543 4118 referentic
603 4063 884 4120 campocunanae
957 4069 1007 4120 229
1026 4065 1107 4118 bouis
1125 4062 1225 4118 faciam
1244 4061 1271 4116 B
1337 4065 1376 4118 sit

252 4147 339 4205 rasO
405 4151 456 4202 230
473 4149 585 4217 quidam
603 4149 749 4218 absumpta
768 4153 878 4217 quidem
949 4153 1000 4205 232
1018 4148 1185 4220 principium
1260 4150 1309 4202 233
1327 4165 1376 4204 me

253 4235 330 4290 isdec
349 4233 384 4296 Β,
402 4251 447 4288 me
465 4234 555 4288 isdem
574 4231 596 4286 C
