2970 5006
266 333 327 394 280
751 323 893 395 Epidicus.

266 525 435 596 octonario,
471 523 546 582 alter
579 519 707 596 („Qu0i“
740 515 811 598 cet.)
839 527 956 582 constat
985 541 1021 578 ax
1049 517 1172 599 dipodia
1202 517 1327 580 iambica
1358 529 1388 580 et

266 629 383 686 cretico.
430 627 575 686 527-28
598 627 765 684 tetrametri
788 627 904 699 cretici,
934 625 996 683 529
1019 623 1207 698 bacchiacus,
1240 627 1386 686 ooo—34

266 730 411 790 octonarii
439 729 571 802 iambici,
608 729 752 788 535-36
780 727 875 787 trech.
904 728 1073 786 octonarius
1106 745 1171 786 cum
1204 732 1388 806 septenario,

269 834 413 893 537—38
436 833 606 891 tetrametri
628 832 745 904 cretici,
782 831 924 890 539-41
957 829 1101 890 octonarii
1130 831 1290 906 trochaici,
1325 833 1388 892 542

265 937 460 1014 septenarios,
487 937 545 996 543
570 935 756 1006 octonarium
778 939 841 992 tum
864 934 933 992 inde
956 953 974 991 a
998 933 1058 992 544
1081 935 1256 1010 septenarii.

354 1041 423 1098 525.
449 1037 580 1114 ,homini
603 1033 667 1096 cst“
689 1041 803 1114 transp.
823 1033 919 1108 Both,
937 1034 1043 1114 Gepp,
1065 1033 1166 1094 Goetz.
1186 1036 1337 1116 Philippa,
1363 1043 1390 1098 si

267 1163 353 1222 qoem
377 1141 477 1214 alium,
501 1159 531 1198 se
554 1140 597 1198 ait
619 1140 756 1198 miseram
780 1157 858 1212 esse,
888 1139 950 1198 val:
985 1140 1010 1198 ai
1032 1157 1163 1215 unquam
1186 1139 1300 1200 homini
1324 1144 1389 1202 nlla

266 1247 386 1305 miseria
409 1244 550 1322 attigerit,
575 1261 640 1320 quaa
662 1243 881 1300 miserationem
904 1261 1022 1300 movere
1044 1239 1165 1316 debeat,
1190 1262 1256 1301 eam
1278 1265 1311 1304 se
1334 1267 1388 1304 ex-

266 1351 367 1426 periri.
417 1342 501 1424 quod
520 1341 701 1406 miserescat
722 1346 798 1404 enim
821 1345 896 1406 nihil
919 1343 999 1404 aliud
1021 1343 1187 1419 significare
1208 1351 1324 1424 potest,
1349 1352 1388 1408 cf.

266 1452 334 1510 Ter.
358 1450 464 1510 Heaut.
492 1449 588 1523 1026,
611 1468 663 1509 neo
686 1448 795 1507 obiecti
823 1450 920 1508 locum
948 1451 1029 1507 tenet
1051 1443 1147 1526 quod,
1182 1448 1235 1508 sed
1258 1450 1388 1510 subiecti

266 1554 357 1612 verbo
380 1552 490 1626 additi,
521 1551 600 1629 quod
630 1551 870 1629 impersonaliter
892 1553 964 1629 poni
986 1551 1070 1610 solat.
1128 1550 1200 1610 Cum
1222 1552 1269 1611 his
1293 1555 1389 1629 igitur
1463 1577 1464 1600 i

267 1658 405 1732 coniungi
433 1656 536 1732 nequit
564 1653 645 1732 quod
671 1655 807 1732 sequitur
833 1650 945 1729 miser,
976 1655 1065 1713 etiam
1093 1654 1118 1712 si
1146 1675 1213 1714 cnm
1240 1655 1389 1718 Lambino
1463 1659 1464 1664 ’

267 1761 432 1836 ceterisque
458 1753 539 1832 „est“
566 1757 717 1830 deleatur,
740 1776 802 1830 nec,
826 1757 907 1834 quod
924 1756 1093 1817 Gronovius
1116 1757 1221 1832 voluit,
1245 1759 1385 1833 ,miseri“

266 1863 338 1922 farri
359 1865 467 1940 potest.
512 1861 587 1920 Mihi
613 1860 715 1938 spuria
736 1857 875 1920 vidonem
897 1860 989 1920 verba
1012 1862 1120 1934 „miser
1137 1879 1174 1918 ex
1191 1863 1292 1923 animo
1310 1861 1386 1938 ast“,

266 1967 453 2043 primumque
482 1965 666 2022 octonarium
695 1964 725 2020 in
752 1983 816 2022 roc.
848 1959 1024 2040 „experior“
1060 1965 1283 2039 terminassem,
1319 1967 1386 2038 nisi,
1464 2035 1465 2057 χ

267 2071 317 2146 qui
340 2067 562 2146 palimpsestum
586 2067 806 2140 examinarunt,
837 2067 962 2126 alterum
990 2087 1107 2126 versum
1131 2066 1168 2126 ab
1190 2059 1233 2126 Id
1255 2069 1387 2146 incipere

266 2171 361 2230 videri
389 2171 543 2230 dixissent.
565 2197 608 2210 -
633 2171 702 2228 528.
732 2183 882 2229 aerumna
903 2168 974 2230 Pius
996 2191 1051 2228 am.
1102 2165 1174 2229 med
1195 2169 1264 2233 add.
1287 2171 1386 2245 Both,

266 2274 371 2351 chp.,
383 2273 486 2332 Goetz.
498 2302 540 2312 —
554 2273 623 2331 529.
649 2263 833 2348 Ραιῳθνίαε,
850 2289 964 2350 poscor,
987 2273 1160 2348 asyndeton,
1183 2293 1211 2333 v.
1226 2273 1265 2332 ad
1277 2275 1385 2352 Amph.

174 2377 178 2386 ’
268 2379 339 2437 891.
365 2405 402 2416 -
426 2377 558 2436 mentem
580 2371 688 2450 animi,
713 2377 749 2436 cf.
773 2376 845 2435 cist.
870 2375 929 2436 204
948 2396 992 2454 sq.
1036 2374 1156 2436 Lucret.
1179 2375 1327 2452 111‚615.
1350 2377 1384 2450 V,

270 2482 339 2540 149.
352 2481 390 2540 al.
406 2510 449 2520 -
473 2481 543 2538 530.
566 2493 638 2554 spes
659 2473 813 2539 contecem
834 2483 947 2557 transp.
965 2478 1069 2554 Weia,
1091 2478 1195 2558 Gepp,
1221 2479 1324 2541 Goetz.
1343 2509 1385 2521 —
1465 2533 1466 2542 .

270 2584 339 2641 531.
374 2575 425 2642 Ita
454 2581 525 2640 ferri
553 2601 611 2641 non
639 2587 755 2660 potest3
789 2583 954 2659 requiritur
983 2579 1182 2658 „Postquam“
1216 2589 1270 2644 aut
1304 2585 1385 2644 aliud
1465 2567 1466 2582 ³

267 2686 370 2744 simile.
442 2685 477 2743 lo
511 2687 606 2744 altera
637 2704 739 2744 versus
773 2689 860 2764 parte
892 2687 1054 2763 geminatio
1093 2687 1260 2761 negationis
1293 2707 1386 2764 prava

268 2795 328 2862 εει,
362 2789 443 2848 aliud
466 2792 512 2847 est
535 2791 622 2862 enim,
647 2788 727 2865 quod
752 2808 867 2866 „neque
891 2784 990 2848 haud“
1015 2809 1071 2867 pro
1096 2790 1223 2868 simplici
1249 2788 1381 2869 „neqns“

268 2891 326 2949 dici
348 2896 456 2969 potest,
480 2911 507 2950 v.
531 2891 569 2949 ad
591 2891 696 2952 Bacch.
724 2893 776 2966 15,
800 2911 853 2952 noc
876 2893 972 2952 simile
995 2891 1059 2951 Mil.
1076 2893 1166 2954 1402.
1210 2893 1317 2971 Itaque
1335 2900 1385 2953 aut

267 3010 365 3071 noque
391 2994 554 3053 tollendum
583 2999 629 3054 eet
657 2999 709 3054 aut
735 2990 799 3054 scio
826 2995 1015 3054 scribendum
1037 3015 1091 3074 pro
1117 2994 1267 3071 „nescio“.
1324 2999 1384 3055 Boc

267 3097 396 3174 praetuli,
420 3097 490 3174 quia
511 3100 553 3156 sic
575 3098 606 3158 in
626 3099 654 3156 A
675 3098 748 3175 legit
770 3097 965 3157 Studemund.
990 3098 1075 3158 Stud.
1093 3099 1108 3158 Ι
1130 3119 1159 3176 p.
1181 3101 1253 3159 216.
1310 3101 1383 3159 Iam·

268 3199 365 3258 hicum
394 3203 579 3260 octonarium
609 3201 650 3260 sic
678 3201 899 3260 constituerim:
937 3202 1115 3279 ,Postquam
1143 3208 1234 3280 gnata
1256 3225 1321 3262 mea
1342 3211 1385 3262 est

268 3302 397 3362 hostium
424 3305 522 3380 potita
549 3323 658 3380 neque,
692 3304 744 3362 ubi
766 3305 819 3376 sit,
854 3299 945 3378 scio“,
981 3311 1033 3364 aut
1058 3307 1114 3366 sic:
1153 3305 1274 3380 „Potito
1297 3313 1385 3381 gnata

268 3425 333 3462 mea
354 3405 483 3466 hostium
507 3411 566 3479 cat,
601 3425 695 3484 neque
724 3426 759 3464 aa
787 3427 865 3466 nunc
892 3406 943 3466 ubi
971 3409 1011 3465 sit
1038 3427 1093 3485 ego
1115 3405 1208 3468 scio“.
1253 3403 1385 3469 hostium-

193 3513 196 3520 *
261 3503 376 3582 potita,
401 3509 435 3568 of.
460 3509 545 3586 Capt.
571 3511 620 3568 92.

356 3613 425 3671 532.
459 3611 504 3669 Ex
535 3611 672 3686 vestigiis
703 3613 888 3690 palimpsesti
916 3611 963 3669 hic
992 3631 1097 3670 versus
1125 3612 1156 3670 in
1187 3611 1380 3688 „adueniens“'

268 3713 472 3772 terminandus
495 3718 568 3787 erat,
591 3709 743 3792 proxiinus
766 3715 796 3771 in
818 3708 939 3784 „locis“.
975 3713 1078 3773 Goetz.
1098 3715 1159 3774 ed.:
1188 3718 1280 3791 „Quis
1301 3718 1381 3776 illaec

269 3821 314 3873 est
336 3815 440 3874 timido
461 3821 590 3892 pectore,
615 3837 690 3893 quae
704 3835 836 3894 peregre
860 3817 1021 3876 adueniens
1044 3807 1109 3895 iperi
1132 3815 1193 3878 se“.
1234 3821 1268 3879 In
1286 3827 1381 3881 nostro

269 3921 423 3977 octonario
450 3925 503 3978 aut
526 3919 648 3996 quintus
664 3939 716 3996 pas
734 3921 1012 3996 proceleusmaticus
1031 3926 1085 3996 ast,
1109 3926 1161 3981 ant
1182 3918 1379 3996 „adueniens“

269 4021 395 4095 primam
418 4022 552 4098 corripit.
574 4051 617 4062 --
640 4023 710 4082 533.
735 4017 912 4084 Miseratus·
936 4025 1047 4082 iamin
1070 4023 1094 4082 B
1119 4024 1233 4083 emend.
1255 4055 1292 4065 -
1311 4019 1382 4082 mihi

269 4116 344 4181 locis
356 4127 468 4199 transp.
482 4123 576 4196 Both,
595 4123 700 4203 Gspp,
714 4126 817 4184 Goetz.
829 4155 871 4166 -
886 4129 955 4186 534.
979 4125 1050 4184 Post
1064 4120 1114 4185 illi
1130 4126 1246 4198 hiatus3
1270 4127 1380 4186 Miller.

270 4221 388 4283 Gonia:
426 4221 537 4299 ‚,illic“.
567 4255 609 4266 -
642 4241 720 4286 usus
741 4243 808 4288 cneo
835 4225 924 4288 uenit
945 4229 1166 4289 Lindemannus
1195 4249 1266 4304 em,
1301 4249 1328 4290 r.
1349 4228 1381 4288 ad
