2982 5012
135 369 155 435 1,
168 375 188 438 l,
198 371 305 424 30-’40
628 371 772 443 Epidicus.

606 561 798 646 Epidicus

134 667 264 751 Edepol
285 667 413 734 fucinus
436 669 623 752 inprobum!

599 800 799 884 Thesprio

659 912 700 976 At
722 912 789 976 iem
812 917 887 976 ente
912 911 969 976 elii
992 909 1148 976 iecerunt
1163 907 1261 976 idern.

132 1016 207 1080 Erit
229 1015 279 1080 illi
302 1015 360 1080 ille
381 1038 435 1082 res
459 1016 585 1083 honori.

605 1140 802 1226 Epidicus

632 1248 717 1326 Qui?
861 1262 864 1268 '

600 1392 799 1477 Thesprio

753 1502 838 1580 Quia
860 1509 937 1570 ante
960 1502 1034 1568 aliis
1057 1503 1127 1568 fuit.

129 1609 305 1688 Mulciber,
329 1609 437 1689 credo,
461 1627 554 1675 erma
575 1609 661 1689 fecit,
685 1631 769 1692 quae
793 1610 910 1676 habuit
933 1581 1191 1696 Stratippoclem
1229 1629 1263 1682 35
1318 1662 1320 1670 ·

128 1717 396 1784 Treuoleverunt
409 1718 462 1788 ,ed
484 1718 598 1783 hostis.
633 1733 645 1762 ·

486 1911 494 1930 ,
599 1848 795 1932 Epidicus

631 1957 714 2022 Turn
736 1957 793 2023 ille
816 1965 994 2045 prognatus
1018 1957 1120 2040 Theti,

130 2063 223 2144 Sine,
247 2065 381 2149 perdat;
404 2064 470 2131 elie
492 2065 715 2148 adportebunt
737 2068 766 2130 ei
789 2067 887 2131 Nerei
910 2065 1007 2132 filiae.

128 2173 174 2238 Id
197 2173 294 2238 modo
319 2173 537 2253 uidendumst
560 2180 598 2238 ut
620 2175 774 2240 materies
799 2181 954 2259 suppetat
977 2176 1139 2254 scuteriis,

129 2281 171 2346 Si
194 2281 228 2346 in
251 2281 387 2364 singulis
411 2282 584 2366 stipendiis
608 2283 649 2346 ed
672 2281 784 2347 hostes
808 2284 943 2348 exuuias
967 2283 1070 2349 debit.

601 2423 798 2508 Thesprio

130 2531 324 2617 Supersede
347 2533 419 2598 istis
442 2531 542 2598 rebus
566 2532 640 2598 iem.

448 2627 452 2636 ⁸
526 2633 537 2658 ⁸
606 2651 800 2735 Epidicus

578 2831 582 2840 ,
621 2759 671 2824 Tu
694 2763 775 2844 ipse,
799 2745 979 2841 ubi'luhet
1002 2761 1099 2828 finem
1122 2763 1203 2828 fece.
1228 2782 1264 2834 40

532 2899 537 2911 '
600 2902 817 2987 Thesprio·

132 3011 267 3078 Desiste
291 3014 523 3096 percontarier.

563 3128 567 3136 “
601 3119 799 3202 Epidicus

562 3229 728 3310 Loquere:
753 3229 824 3311 ipse
846 3229 903 3294 ubi
927 3234 978 3294 est
1001 3229 1263 3312 Stratippocles?

117 3429 124 3440 ,
586 3341 799 3449 'Thesprio
848 3391 852 3400 ·

133 3470 198 3535 Est
220 3489 328 3548 censa,
352 3488 417 3551 qua
439 3488 541 3533 cause
563 3467 659 3534 simul
682 3489 808 3532 mecum
830 3469 878 3533 ire
900 3470 1050 3534 ueritust.

601 3611 798 3696 Epidicus
987 3691 990 3699 ι

949 3719 1112 3798 Quidnam
1134 3721 1169 3785 id
1192 3720 1264 3786 est?
1371 3767 1373 3773 ι

601 3826 799 3912 Thesprio

135 3935 271 4000 Patrem
295 3935 407 4000 uidere
432 3955 465 4000 se
488 3935 603 4000 ncuolt
626 3937 725 4000 etiem
748 3957 843 4002 nunc.

136 4089 366 4099 ....-.-.-——-

205 4175 240 4227 34
258 4177 342 4226 antee
424 4176 457 4228 37
474 4171 561 4228 naerei
640 4177 674 4228 38
692 4174 836 4229 scruteriis
915 4177 949 4230 39
967 4174 1116 4243 stipendiis
1134 4177 1157 4228 ie
1228 4177 1264 4228 40

133 4261 230 4329 Super
249 4257 299 4312 sed
368 4259 408 4312 ibi
478 4263 511 4314 43
531 4275 626 4315 senem
645 4277 702 4313 non
722 4261 782 4315 nult
