2976 5018
500 463 502 468 Ι
539 381 572 438 v,
590 385 735 438 aee-ma
1144 390 1205 450 roa

73 581 106 634 ut
127 595 295 653 pronomen
318 596 375 652 pro
397 576 531 653 spondeo
554 579 601 635 nit.
647 575 728 635 Brix.
750 579 828 636 Anu.
846 578 920 655 phil.
938 578 1063 637 CXXXI
1079 599 1108 655 p.
1123 581 1201 639 206:

76 677 221 751 „Ecastor
242 679 320 738 hane
342 681 460 738 ueniam
483 679 612 738 dandam
636 675 772 739 oenseo“.
798 709 835 720 -
861 682 932 740 925.
961 695 1026 739 rem
1048 682 1080 740 in
1102 682 1204 740 arohe-

73 785 146 857 typo
175 780 221 839 bis
250 783 394 858 seriptum
422 781 437 838 I
466 787 496 839 et
524 781 592 840 edd.
616 783 782 858 posteriore
816 782 883 841 looo
917 782 1070 856 delemut3
1103 785 1205 859 priore

74 883 174 942 delere
214 883 379 955 debebant,
419 903 445 942 v.
485 883 582 942 Madv.
617 884 741 942 Adsere.
778 885 790 941 I
829 903 859 959 p.
894 885 944 942 47.
1018 885 1124 962 Opusa.
1163 885 1201 944 ad

74 984 260 1059 Madvigium
284 1007 301 1042 a
316 984 480 1063 ¹disoipulie
504 987 582 1044 miss.
606 1005 636 1061 p.
661 987 732 1045 224.
763 1017 803 1026 -
829 1001 994 1061 prospero,
1018 987 1140 1064 largior,
1165 989 1200 1046 of.

74 1087 154 1146 Pera.
179 1088 252 1147 262.
287 1087 352 1147 Lir.
366 1086 442 1160 VIII,
463 1089 492 1161 9,
511 1091 544 1146 7:
573 1089 635 1160 „nti
658 1087 822 1166 populoR.
843 1087 877 1159 Q.
897 1092 958 1146 uim
982 1090 1200 1165 uictoriamque

74 1187 287 1266 prosperetis“.
325 1219 361 1228 -
397 1191 468 1248 996.
502 1205 541 1247 ne
569 1190 697 1261 Comen,
728 1209 754 1250 v.
785 1190 821 1248 ad
853 1190 943 1248 Most.
975 1193 1047 1250 406.
1103 1191 1201 1268 Negat

38 1286 41 1294 ’
75 1291 204 1350 tabulam
226 1293 308 1350 ultra
329 1291 456 1368 produoi
479 1297 628 1369 oportere.
651 1322 694 1331 —
722 1294 793 1350 927.
819 1287 904 1351 Deae
926 1285 1000 1365 ftdes'
1022 1287 1137 1352 credo?
1165 1294 1201 1352 of.

75 1392 181 1470 Amph.
208 1395 279 1452 387.
302 1423 345 1433 -
367 1395 428 1453 928
460 1399 541 1452 reete
569 1396 710 1452 scribitur
732 1397 762 1453 in
785 1393 835 1453 IE.
858 1424 900 1433 -
924 1396 996 1454 929.
1019 1391 1052 1454 Si
1074 1394 1141 1454 add.
1166 1397 1200 1453 Δ.

76 1524 115 1534 -
145 1495 217 1554 930.
246 1491 395 1571 insiprtiie
417 1497 487 1554 olim
511 1497 712 1568 emendatum,
741 1517 769 1555 v.
796 1497 832 1554 ad
856 1497 935 1555 Men.
960 1499 1031 1555 989.
1056 1527 1099 1538 -
1128 1500 1199 1557 931.

77 1590 160 1670 solet,
185 1598 222 1656 of.
246 1597 284 1654 ad
307 1597 387 1655 Men.
414 1599 472 1656 149
495 1604 525 1655 et
549 1599 620 1657 739.
1068 1596 1071 1606 ’

160 1701 232 1757 939.
266 1699 367 1758 Finita
399 1703 457 1758 iam
492 1699 593 1758 fabula
620 1705 681 1771 est;
714 1701 766 1758 sed
796 1720 833 1758 ue
864 1703 930 1777 quis
964 1707 1093 1778 querat,
1128 1701 1200 1778 quid

77 1800 181 1858 Casina
207 1803 273 1879 ipsa
301 1803 411 1860 fantum
440 1804 497 1873 sit,
532 1807 686 1873 narratur,
722 1822 787 1860 eam
811 1805 956 1862 Alcesimo
984 1808 1015 1861 et
1038 1803 1200 1878 Myrrhina

76 1901 164 1961 filiam
194 1910 342 1981 repertam
371 1923 436 1961 esse
464 1911 554 1980 atque
582 1903 749 1981 Euthynico
778 1904 931 1980 Lysidami
960 1910 990 1962 et
1025 1904 1200 1964 Cleostrata

77 2002 136 2062 filio
159 2006 189 2062 in
213 2007 434 2064 matrimonium
458 2007 532 2064 dari.
578 2006 650 2078 Quis
673 2006 735 2065 hae
757 2009 935 2080 narraverit,
958 2026 1063 2084 parurn
1087 2013 1199 2066 eertum

79 2112 136 2179 est;
168 2127 223 2165 nos
254 2108 404 2184 vulgatam
427 2109 510 2167 illam
533 2109 663 2168 litteram
687 2108 931 2166 fabulae.exitum
954 2109 1135 2168 indicantem
1158 2106 1198 2182 (v.

80 2207 191 2286 Proleg.
215 2229 245 2287 p.
273 2205 347 2285 173)
371 2209 561 2286 praefiximus.
617 2210 651 2268 In
685 2209 865 2270 editionibus
895 2209 986 2282 Gragi
1020 2211 1199 2268 histrionum

79 2308 137 2367 haea
168 2311 356 2382 tribuuntur,
396 2333 430 2370 ae
470 2311 580 2370 dicitur
613 2313 722 2388 plurali
757 2333 880 2370 numero
917 2310 1197 2384 „memorabimus“.

80 2409 159 2470 Unus
180 2419 281 2471 tamen
308 2433 365 2491 pro
394 2415 532 2473 omnibns
555 2414 647 2474 verba
674 2415 787 2488 fecerit,
817 2433 936 2472 necesse
959 2420 1017 2490 est;
1053 2416 1104 2490 qui
1127 2434 1199 2491 quo-

80 2513 153 2571 niam
176 2535 203 2573 v.
230 2517 291 2574 934
316 2515 516 2591 Euthynioum
547 2521 679 2574 nostrum
708 2517 809 2574 erilem
832 2514 925 2573 filium
948 2515 1030 2590 dicit,
1058 2515 1200 2576 Chalinus

81 2635 139 2674 esse
160 2617 294 2690 videtur,
318 2619 402 2677 ouius
423 2618 530 2677 ultima
550 2621 673 2676 fuerunt
694 2617 801 2676 fabulas
823 2619 929 2690 verbs,
954 2619 1060 2695 auique
1084 2619 1146 2678 haeo
1170 2621 1199 2677 iu

81 2718 163 2777 codd.
184 2721 406 2778 continuantur.
433 2749 470 2758 -
496 2722 567 2779 932.
595 2713 631 2778 id
651 2719 691 2791 E;
716 2719 828 2778 Gamer.
858 2716 941 2788 „hic“
968 2720 1134 2780 addiderat.
1158 2749 1199 2760 -

82 2820 149 2878 934.
171 2815 351 2899 Euthynico
374 2822 444 2880 olim
468 2820 664 2880 emendatum.
687 2849 730 2862 -
754 2824 825 2880 935.
848 2816 980 2895 matitia,
1003 2826 1023 2880 i.
1048 2843 1073 2882 e.
1097 2823 1198 2880 histri·

82 2921 192 2996 onibus,
215 2923 318 2984 dativo
342 2944 421 2983 casu.
453 2953 494 2963 -
523 2925 593 2983 936.
624 2918 715 2983 demet
735 2923 770 2980 A.
801 2955 841 2964 -
875 2920 959 3000 quod
978 2918 1075 2996 uolet,
1110 2946 1138 2983 v.
1162 2924 1201 2982 ad

82 3023 145 3081 Aul.
169 3029 239 3086 952.
269 3056 311 3066 -
345 3028 417 3085 937.
452 3021 507 3103 qui
529 3027 600 3084 olim
628 3046 683 3083 em.
717 3055 760 3065 -
795 3026 866 3084 938.
900 3022 1015 3085 nautea
1036 3027 1063 3083 A
1092 3031 1122 3084 et
1150 3029 1202 3102 qui

81 3124 171 3184 locum
193 3128 296 3202 affert,
319 3128 456 3186 Donatus
479 3127 517 3186 ad
539 3127 607 3186 Ter.
631 3127 706 3186 Eun.
732 3131 759 3202 5,
785 3130 814 3202 3,
839 3129 856 3186 3
887 3122 999 3202 („Huio
1021 3147 1079 3206 pro
1102 3133 1201 3187 scorto

84 3223 185 3302 cet.“);
207 3229 291 3290 Festi
313 3231 395 3289 loeus
418 3249 448 3306 p.
476 3232 534 3288 166
557 3249 652 3308 prope
674 3231 775 3308 periit.
820 3228 864 3288 cf.
889 3229 927 3287 ad
949 3231 1032 3288 Asin.
1059 3231 1129 3289 885.
