2970 5006
543 387 575 440 v.
593 387 736 440 ros-nu.
1120 326 1194 452 '275

69 579 248 651 terendum,
283 601 310 638 v.
334 583 392 640 Cic.
418 582 525 659 Philip.
549 581 636 652 XIII,
673 584 700 654 3,
725 585 752 638 o.
807 581 868 640 Liv.
892 581 950 650 III,
978 581 1024 654 10,
1052 585 1069 640 2
1094 583 1130 639 sl.
1153 613 1196 622 -

70 687 150 742 425.
179 685 289 756 tamen,
312 703 340 743 v.
361 685 399 742 sd
417 685 524 762 Amph.
547 687 616 743 538.
643 713 679 723 —
704 687 775 743 426.
799 680 994 760 alligassem
1017 685 1083 742 edd.
1125 686 1196 743 Post

12 791 13 796 ’
70 787 100 844 1ι,
126 807 157 844 v.
184 786 337 846 historin
361 806 480 846 oaesnro.
524 788 559 846 In
580 789 718 866 proxitno
741 806 829 844 versu
850 785 973 864 „qnsm“
1000 787 1196 846 omittendum

71 910 150 962 esso,
173 889 358 948 Camerarius
375 889 460 962 vidit,
479 891 531 948 sed
548 910 606 948 non
623 893 719 948 minus
736 892 901 948 necessario
918 897 964 948 εει
985 893 1194 969 transpositio:

71 987 247 1052 Hominem
268 989 382 1051 minue.
433 991 534 1052 Goetz.
558 993 677 1052 moluit:
711 992 794 1066 „Ego
816 991 841 1050 ei
864 991 1046 1067 adlegossem
1069 995 1197 1070 aliquem

71 1096 228 1153 hominem
263 1094 300 1152 od
330 1096 384 1153 hoe
410 1097 574 1173 negotium,
609 1095 709 1154 Minus
743 1115 830 1171 quum
863 1096 941 1154 huno
974 1095 1123 1156 doctum.“
1156 1127 1197 1138 -

73 1201 150 1257 428.
188 1191 231 1256 Os
253 1192 418 1270 sublitum,
452 1219 479 1258 v.
504 1199 543 1256 ud
564 1199 664 1256 Aulul.
688 1201 758 1257 660.
782 1227 823 1238 -
850 1196 989 1274 ,itaque“
1016 1219 1069 1257 neo
1090 1219 1145 1277 per
1167 1219 1198 1258 se

75 1307 184 1377 aptum
205 1307 272 1384 qest,
306 1307 337 1360 et
369 1301 486 1360 dativus
520 1301 721 1371 desideratum
755 1301 913 1376 KiessIIng.
943 1303 974 1360 in
1003 1301 1080 1361 Mus.
1104 1303 1196 1362 Rhen.

73 1401 178 1462 XXIV
208 1423 238 1480 p.
270 1405 328 1462 118
361 1407 407 1475 „ei
435 1398 543 1480 atque“
578 1404 716 1474 coniecit,
756 1403 873 1462 Meller.
903 1403 987 1463 Pros.
1011 1425 1040 1482 p.
1066 1407 1125 1464 505
1155 1401 1199 1464 mi

74 1507 181 1584 elque.
217 1537 258 1548 -
297 1501 376 1564 albis
410 1501 564 1577 dentibus,
608 1505 810 1582 „significatur
842 1508 1026 1566 cachinnatio
1060 1511 1089 1564 et
1121 1509 1199 1566 risus

76 1610 218 1680 effusior,
253 1612 284 1666 in
312 1629 371 1684 qno
400 1610 503 1667 dentes
525 1608 733 1670 denudentur“
759 1610 837 1669 Cum.
865 1640 902 1650 -
938 1613 1010 1668 429.
1044 1606 1201 1670 derideret

76 1714 108 1770 in
131 1712 157 1770 B
182 1713 369 1770 emendaturo
394 1719 448 1770 est.
466 1741 508 1752 -
527 1715 598 1772 430.
623 1710 693 1788 quis
713 1709 780 1772 etc
802 1711 869 1772 est?
893 1712 980 1788 Seyff.
994 1733 1049 1772 em.
1070 1743 1106 1752 -
1127 1715 1197 1772 431.

80 1811 264 1891 „Quassare
287 1820 334 1874 est
356 1813 505 1888 movere“,
528 1815 643 1874 Nonius
660 1837 690 1894 p.
705 1819 764 1875 254
783 1817 859 1875 hunc
878 1837 995 1874 versum
1014 1813 1101 1892 („qui
1117 1835 1198 1874 suurn

76 1919 244 1977 undantem
264 1912 356 1992 oet.“)
374 1923 459 1995 qussi
477 1938 512 1976 ex
530 1917 628 1977 Milite
646 1917 781 1978 efferens.
827 1919 1017 1996 Magnificum
1035 1939 1065 1977 εε
1088 1919 1199 1978 faciens

78 2025 160 2080 inter
185 2020 314 2080 eundum
338 2020 523 2096 chlamydem
545 2026 652 2093 iootnt,
676 2043 734 2100 quo
757 2022 791 2079 fit
812 2027 847 2080 ut
869 2022 1014 2081 undarum
1038 2021 1200 2080 similitudo

78 2127 213 2196 oriatur3
248 2125 284 2182 ot.
307 2124 422 2182 Afranii
445 2144 473 2182 v.
499 2126 575 2184 237:
612 2123 787 2202 „Magnifice
815 2126 882 2184 volo
909 2125 1074 2184 fluotnutIm
1096 2127 1140 2182 ire
1163 2124 1200 2181 sd
1239 2168 1244 2196 ,

78 2224 195 2288 illum.“

167 2332 243 2390 432.
266 2329 398 2388 Aduenit
420 2329 505 2388 mileu
528 2350 594 2388 oum
617 2331 726 2404 osenla,
750 2349 835 2408 quem
856 2349 987 2407 qnaerere
1004 2329 1200 2408 Periphanem

42 2459 46 2468 ¹
80 2434 174 2494 iubet.
239 2425 322 2494 Cane
342 2427 566 2507 praeterbtle83
596 2453 663 2492 mox
691 2435 752 2491 434
775 2429 942 2506 rettuleris,
971 2439 1006 2492 ut
1026 2435 1105 2492 inter
1125 2453 1199 2512 prse-

79 2543 198 2596 eentem
232 2541 262 2594 et
293 2537 458 2614 perfeetum
499 2537 678 2594 coniunctivi
714 2535 791 2594 nihil
829 2539 954 2595 intersit.
1023 2535 1085 2594 Hoo
1123 2535 1202 2613 spud

81 2640 222 2698 Plautum
251 2637 520 2716 frequentissimum
551 2645 611 2711 εει,
646 2638 698 2696 sed
724 2639 806 2698 illius
834 2659 951 2716 quoque
980 2641 1115 2717 exempla
1142 2660 1200 2699 non

80 2763 163 2814 roro,
199 2762 226 2801 v.
255 2741 363 2820 Amph.
395 2745 465 2802 838.
515 2743 598 2800 Asin.
636 2744 705 2800 369.
754 2741 977 2801 Bacch.1030.
1022 2741 1106 2820 Oopt.
1129 2744 1200 2801 430.

82 2849 154 2906 438.
191 2845 282 2904 Μοει.
304 2843 374 2905 316.
399 2848 469 2905 795.
497 2847 585 2905 1006.
620 2845 726 2904 Pseud.
753 2846 843 2904 1294.
877 2845 968 2904 Stich.
992 2845 1042 2904 41.
1064 2874 1107 2884 -
1129 2845 1201 2903 433.

86 2945 275 3010 Plotdentue
294 2967 350 3008 em.
363 2950 488 3022 Potitus,
512 2951 531 3006 i.
545 2968 571 3008 e.
589 2949 733 3020 ameno,
757 2967 793 3005 ex
809 2967 887 3025 pago
898 2949 1009 3020 Attico,
1034 2949 1080 3006 oui
1096 2967 1203 3006 numen

83 3056 231 3111 molem.
250 3080 286 3092 -
307 3053 378 3110 434.
401 3043 553 3124 Incertus,
577 3052 596 3110 i.
616 3071 640 3110 ε.
659 3057 692 3110 ut
714 3070 771 3109 non
794 3057 875 3109 oerto
898 3053 982 3124 scies,
1005 3051 1056 3110 ubi
1079 3051 1202 3110 habitet.

84 3187 124 3196 --
154 3159 227 3216 436,
258 3155 508 3216 οοιιιιιοιιειναεεο
531 3155 554 3212 Β
577 3174 654 3213 mon,
678 3173 734 3213 sec.
757 3159 788 3211 et
810 3159 878 3212 nott.
905 3183 941 3194 -
972 3155 1043 3212 437.
1074 3154 1204 3214 eleates
1279 3197 1283 3215 .

87 3259 183 3338 Gepp.
208 3279 262 3318 ern.
285 3287 328 3299 -
350 3257 421 3316 439.
457 3253 675 3334 tranquillum,
705 3276 845 3330 vaenum,
875 3257 926 3314 nbi
948 3259 1097 3315 neminem
1122 3257 1203 3315 oblo-

88 3371 227 3438 quentem
260 3362 379 3420 habeus.
412 3387 455 3400 *-
488 3362 549 3419 442
578 3361 665 3418 offert
694 3359 862 3418 Priscianus
892 3359 951 3432 III,
981 3375 1011 3438 p.
1044 3361 1104 3419 600
1139 3379 1205 3417 cnm

89 3467 173 3528 codd.
195 3468 225 3523 in
245 3467 393 3541 scripturn
411 3460 448 3522 de
465 3457 553 3523 illius
570 3458 643 3524 illae
660 3463 854 3521 consentiens.
889 3462 975 3534 Quod
993 3481 1081 3539 quum
1098 3481 1204 3539 purum

90 3569 316 3645 intelllgeretnr,
345 3587 381 3624 ex
404 3566 611 3624 emendatione
634 3566 698 3626 eod.
722 3565 783 3624 Pul.
811 3567 825 3622 l
851 3563 917 3623 edd.
944 3563 1000 3638 „de
1021 3564 1102 3622 illius
1124 3562 1204 3636 ore“,

91 3673 243 3746 quesihoo
260 3669 388 3745 intelligi
406 3675 516 3746 posset.
550 3669 692 3728 Goetzius
710 3688 775 3726 cum
787 3665 967 3725 Ribbeokio:
995 3669 1038 3740 „si
1055 3667 1207 3744 praedicnt

91 3771 161 3832 Suus
190 3791 306 3852 pugnus
335 3769 471 3844 duellis“,
501 3775 551 3830 vix
578 3765 693 3830 melius.
738 3769 832 3828 Immo
848 3785 929 3844 prae
953 3790 1009 3846 pro
1035 3765 1108 3842 „de“
1133 3771 1205 3828 sori·

92 3872 233 3948 bendum,
268 3880 303 3933 nt
325 3875 444 3933 Truonl.
471 3877 545 3934 380:
584 3891 690 3950 „quom
718 3875 796 3931 inter
825 3891 879 3930 nos
907 3871 1102 3930 sordebamus
1130 3873 1208 3930 ulter

93 3995 161 4052 prus
183 3975 296 4037 ultero“
323 3972 388 4053 (ubi
410 3977 514 4036 eodem
537 3995 637 4035 errore
659 3979 685 4034 Δ
706 3971 781 4050 „de“
806 3995 861 4052 pro
882 3971 1017 4052 „prse“),
1041 3979 1060 4033 i.
1079 3995 1102 4032 e.
1122 3977 1207 4051 parvi

95 4081 341 4140 existimabamur.
386 4080 480 4140 sich.
499 4082 534 4139 l.:
558 4079 589 4138 Si
607 4080 728 4138 fortiori
746 4079 878 4137 detortor
895 4098 962 4136 suos
984 4079 1111 4136 vlrtutes
1133 4097 1208 4153 prse-

96 4179 188 4256 diost,
221 4203 284 4261 pree
314 4183 393 4240 illius
423 4182 584 4240 virtutibus
612 4203 680 4241 suos
709 4181 829 4239 sordere
856 4179 979 4239 videbit.
1030 4179 1073 4238 Do
1100 4183 1208 4238 omisso

97 4289 223 4358 nomine,
251 4284 329 4344 unde
352 4287 505 4358 genetivus
527 4281 648 4363 pendet,
679 4307 706 4344 v.
725 4285 824 4342 Madv.
845 4283 894 4342 Gr.
914 4283 980 4340 Lat.
1006 4283 1067 4340 280
1092 4303 1159 4342 ann.
1180 4285 1208 4342 2.

958 4397 1004 4450 18*
