2976 5018
282 381 342 441 174
761 375 923 430 Cistellaria.

279 575 320 643 ut,
342 571 367 628 si
389 571 454 630 fieri
476 573 579 647 possit,
603 572 773 648 investiget.
819 571 847 628 ls
870 569 1033 642 mulierem,
1057 589 1124 646 quse
1144 591 1209 631 eam
1226 573 1384 634 sustulerat.

279 673 406 746 invenit;
430 693 464 730 ea
482 677 580 732 autem
592 671 745 748 Gymnasii
764 677 862 730 mater
881 676 934 729 est.
980 671 1051 731 Haec
1066 673 1163 750 primo
1182 675 1281 732 omnia
1297 679 1386 750 negat;

278 775 398 832 tandem
420 776 527 833 timore
555 779 669 846 coacta,
703 794 740 832 ne
767 793 821 832 suu
848 773 918 845 filia,
953 773 1156 849 Gymnasium,
1190 797 1246 854 pro
1268 777 1388 853 exposita

279 877 330 935 illa
358 877 535 954 Demiphoni
564 878 715 949 tradatur,
751 877 862 934 fatetur
894 897 926 934 se
960 897 1022 935 eam
1053 883 1084 934 et
1112 880 1266 938 sustulisse
1292 884 1322 936 et
1347 879 1388 936 alii

277 981 396 1039 mulieri
427 979 553 1038 dedisse.
611 979 807 1058 Lampadioni
840 979 919 1037 herae
952 997 1012 1038 suae
1047 979 1111 1037 haec
1144 983 1293 1040 nuntianti
1324 981 1389 1039 torte

278 1083 428 1141 auscultat
450 1081 600 1154 Melaenis,
634 1088 666 1140 et
692 1101 724 1138 re
752 1082 830 1138 omni
858 1079 1011 1159 patefacta
1033 1084 1097 1157 ipsu
1121 1083 1271 1141 Selenium
1292 1103 1388 1160 paren·

277 1185 359 1243 tibus
382 1183 508 1242 reddere
537 1185 701 1241 constituit.
757 1183 801 1240 Eo
832 1185 925 1259 igitur
952 1202 982 1240 re
1005 1184 1120 1241 confert
1141 1204 1208 1243 cum
1231 1183 1344 1243 Selenio
1364 1189 1390 1241 et

278 1287 387 1345 aneilla
421 1286 563 1344 cistellam
598 1306 664 1343 cum
699 1283 870 1360 crepundiis
903 1291 1041 1360 gerente;
1080 1286 1130 1343 sed
1165 1287 1391 1346 Alcesimarchus

277 1387 454 1447 furibundus
483 1389 519 1446 iis
548 1388 666 1447 obviam
689 1386 784 1445 factus
807 1385 956 1445 Selenium
979 1389 1008 1444 ui
1031 1408 1130 1448 secum
1153 1389 1275 1467 abripit.
1319 1389 1391 1446 Inter

276 1490 330 1549 has
357 1489 461 1548 turbas
492 1491 607 1549 cistella
634 1492 664 1548 in
692 1490 795 1566 platea
822 1489 941 1546 excidit.
998 1489 1071 1548 Eam
1105 1495 1264 1550 inveniunt
1285 1492 1390 1550 Phauo·

277 1598 373 1652 strata
395 1599 427 1651 st
449 1593 624 1668 Lampadio,
648 1592 755 1669 quibus
777 1595 928 1651 inventam
953 1592 1130 1652 mirantibus
1154 1597 1327 1670 superuenit
1347 1613 1390 1650 au·

277 1696 347 1754 cilla
379 1697 517 1755 amissam
551 1715 694 1772 quaerens.
752 1693 799 1752 Sic
832 1701 970 1770 parentes
1004 1698 1034 1752 et
1066 1693 1156 1752 liliam
1186 1697 1340 1754 inveniunt
1365 1700 1392 1751 et

278 1819 341 1857 eam
364 1800 553 1876 comperiunt
574 1817 674 1856 amore
703 1815 768 1856 cum
792 1797 1013 1855 Alcesimarcho
1042 1798 1174 1858 iunctam
1202 1819 1281 1871 esse,
1315 1817 1390 1875 quern

280 1901 417 1978 sibiipsi
440 1919 581 1976 generum
604 1904 792 1976 optaverant.

362 2003 432 2062 llaec
473 2001 640 2080 argumenti
672 2021 786 2060 summa
819 2007 877 2074 est,
912 2023 1074 2082 eorumque
1106 2005 1236 2064 maxima
1267 2024 1336 2083 pars
1364 2006 1392 2060 in

276 2107 429 2169 codicibus
457 2105 607 2166 Plautinis
636 2123 752 2180 semper
779 2105 856 2164 lecta
883 2110 943 2178 est3
977 2107 1029 2166 sed
1062 2125 1122 2164 non
1154 2127 1250 2185 pauca
1283 2107 1390 2166 desunt.

276 2209 338 2270 Hoc
361 2210 465 2268 velex
488 2227 594 2283 magno
617 2209 669 2266 illo
692 2207 925 2284 fragmentorum
948 2228 1081 2282 numero,
1104 2211 1155 2286 qui
1173 2229 1210 2268 ex
1227 2210 1283 2268 hac
1298 2209 1392 2268 tabula

275 2312 355 2389 apud
376 2313 584 2390 grammaticos
607 2309 744 2382 affertur,
775 2311 944 2385 intelligere
971 2317 1132 2386 potuerant
1150 2313 1211 2370 'viri
1235 2313 1325 2386 docti,
1345 2310 1392 2370 sed

276 2436 337 2474 rem
367 2417 537 2474 obscuravit
559 2414 703 2488 Scaligeri
726 2417 933 2483 commentum,
957 2415 1008 2490 qui
1032 2414 1069 2472 ad
1087 2413 1283 2473 Clitellariam
1305 2433 1392 2491 quau·

276 2517 342 2576 dam
361 2518 424 2576 haee
440 2517 608 2590 fragmenta
624 2515 784 2588 referebat,
805 2535 870 2592 quae
886 2535 1047 2592 numquam
1065 2516 1190 2588 exstitit,
1208 2536 1237 2576 v.
1250 2516 1390 2590 Ladeuig.

276 2619 351 2677 Mus.
376 2618 433 2678 Rh.
455 2618 500 2676 111
526 2639 556 2694 p.
583 2621 642 2678 525
667 2635 730 2694 sqq.
797 2617 912 2676 Clarius
942 2637 991 2678 res
1021 2620 1163 2695 apparuit
1185 2620 1306 2678 invento
1328 2621 1391 2678 Am-

275 2721 415 2780 brosiano
449 2720 659 2796 palimpsesto,
695 2721 778 2778 cuius
811 2720 954 2796 reliquias
987 2721 1085 2780 Maius
1117 2720 1280 2780 Mediolani
1317 2723 1389 2780 1815

274 2825 362 2884 edere
390 2829 513 2884 conatus
543 2828 596 2880 est.
652 2823 682 2880 Is
713 2820 880 2900 ,quinque“
907 2825 950 2881 ait
975 2825 1023 2896 „in
1052 2822 1153 2882 codice
1184 2825 1283 2902 reperi
1309 2823 1391 2882 huius

274 2929 381 2988 fabulae
402 2927 474 2986 folia
496 2925 618 2998 inedita,
642 2945 708 3002 qum
730 2924 842 2984 habeut
863 2945 967 2985 versus
983 2927 1103 2984 circiter
1124 2923 1215 2998 180“‚
1239 2943 1391 3002 eorumque

273 3050 368 3108 pauca
390 3031 524 3108 quadam
546 3030 577 3086 iu
600 3029 695 3087 lucem
717 3029 852 3105 protulit.
903 3029 995 3088 Plura
1017 3028 1239 3088 Studemundus
1261 3029 1343 3106 legit,
1364 3031 1391 3084 ut

274 3153 333 3194 non
355 3133 437 3192 nulla
459 3131 555 3190 edidit
572 3131 674 3190 Herm.
693 3133 753 3208 lp.
772 3133 833 3190 298
856 3151 900 3208 sq.
923 3131 1098 3190 Accusatius
1120 3130 1200 3188 idem
1223 3133 1270 3189 vir
1291 3131 1389 3190 doetus

273 3240 305 3295 in
338 3235 401 3295 Ind.
434 3235 526 3294 schol.
560 3232 727 3312 Gryphisw.
761 3235 927 3294 1871-72
960 3254 991 3310 p.
1020 3237 1038 3291 9
1072 3233 1173 3291 decem
1205 3233 1388 3292 Ambrosiani

272 3339 346 3397 folia
373 3336 410 3396 ad
437 3336 634 3396 Cistellariam
662 3338 813 3412 pertinere
842 3337 943 3410 docet,
978 3354 1137 3414 eorumque
1165 3334 1226 3395 duo
1254 3340 1285 3394 et
1309 3334 1388 3394 tertii

272 3442 412 3499 maiorem
445 3443 562 3514 partem
591 3459 694 3498 versus
724 3442 878 3498 continere
906 3439 995 3497 etiam
1024 3439 1054 3498 in
1075 3437 1223 3496 Palatinis
1245 3440 1387 3506 inventos,

271 3543 388 3618 reliqua
408 3561 487 3600 nova
509 3561 581 3614 esse,
610 3541 662 3600 sed
685 3543 812 3619 pessime
834 3539 946 3613 habita,
975 3547 1010 3600 ut
1036 3559 1190 3618 perpauca
1211 3559 1311 3599 eorum
1333 3540 1388 3613 legi

270 3648 394 3722 possint.
445 3644 553 3721 Itaque
581 3645 648 3721 plus
677 3664 765 3721 quam
793 3649 907 3719 septem
936 3641 1081 3702 eiusmodi
1102 3642 1175 3722 iplia
1196 3644 1228 3700 in
1250 3641 1387 3702 Palatinis

271 3749 389 3822 desunt,
410 3751 430 3806 i.
453 3767 489 3820 e.,
514 3751 548 3804 ut
571 3747 723 3806 minimum
747 3745 887 3820 dicamus,
912 3748 972 3806 260
994 3764 1107 3804 versus.
1159 3745 1271 3822 Incipit
1292 3749 1387 3804 autem

270 3850 376 3910 lacuna
397 3855 469 3926 post
490 3871 518 3910 v.
539 3849 616 3921 2153
649 3848 703 3906 sed
725 3851 865 3909 librarius
887 3849 1042 3925 archetypi
1063 3846 1139 3906 nihil
1161 3849 1277 3925 perisse
1298 3846 1386 3924 suspi-

270 3958 354 4012 catus
375 3972 404 4012 ι.
428 3953 488 4011 215
513 3956 648 4022 etcum,
683 3953 734 4029 qni
762 3959 872 4012 nostrae
901 3951 1041 4010 editionis
1070 3951 1131 4009 317
1159 3953 1218 4024 est,
1252 3952 1298 4008 ita
1323 3968 1386 4008 eon·

268 4055 381 4126 iunxit,
415 4059 450 4112 ut
482 4053 585 4112 eodem
618 4072 706 4112 versu
740 4061 901 4131 utrumque
934 4052 1093 4126 scriberet,
1128 4071 1308 4129 quamquam
1339 4050 1386 4108 illa

269 4177 358 4218 scena
379 4155 546 4234 anapestis,
569 4154 632 4215 haec
654 4156 789 4216 trochaeis
812 4157 924 4232 scripta
946 4160 1002 4228 est,
1025 4155 1057 4212 in
1080 4153 1133 4212 illa
1155 4153 1386 4214 Alcesimarchus

268 4279 365 4338 nuper
397 4259 491 4318 redux
523 4277 622 4318 secum
652 4259 787 4335 loquitur
814 4259 944 4318 nondum
978 4261 1131 4333 comperto
1164 4257 1265 4315 amicas
1298 4256 1385 4326 abitu,
