2982 5014
557 370 589 423 V.
610 373 830 462 1010-1046ῥρΤ
1171 375 1230 434 371
1283 411 1288 424 .

105 563 191 636 adu,
222 584 290 624 nem
315 566 394 644 qnod
411 565 538 642 Pyladen
556 571 586 624 et
603 565 790 625 Camerarius
809 565 965 624 ediderant
983 563 1095 638 „Quem
1113 562 1232 641 quom“‚

104 668 208 728 miuus
230 667 402 728 Plautinum
433 674 487 728 est.
515 699 571 736 -,
585 669 676 746 atque
700 669 845 748 epodosin
866 669 987 747 incipit,
1015 686 1044 727 r.
1068 668 1105 726 ed
1127 667 1233 727 Bacch.

109 771 186 830 276.
209 798 251 810 -
279 771 506 832 exsultationi.
530 803 573 814 -
603 774 682 832 1035
706 772 737 829 in
760 770 784 829 B
807 771 931 844 excidit3
966 769 1080 847 (lpost
1100 789 1232 828 rasuram

105 894 189 934 men.
213 894 271 934 sec.
306 875 413 946 „uideo
440 880 573 936 uentrem
603 877 633 934 iu
661 895 727 934 meo
760 871 856 948 foro“,
890 874 979 952 idque
1007 873 1034 932 D
1062 879 1235 950 ceterosque

109 976 200 1036 codd.
225 979 342 1037 invasit.
387 979 485 1054 Vulgo
506 983 575 1057 post
596 977 740 1053 Pyledsm
764 979 878 1036 editur:
906 977 982 1050 „Ubi
1005 979 1124 1053 egomet
1144 975 1234 1035 uideo

106 1082 196 1140 uorti
223 1099 285 1140 rem
313 1081 345 1139 in
373 1101 438 1140 meo
465 1079 560 1156 foro“‚
594 1083 625 1140 in
654 1074 762 1158 quibus
790 1085 821 1139 et
852 1075 1004 1155 „egomet“
1035 1099 1160 1157 pravum
1188 1083 1236 1138 est

107 1203 167 1242 neo
194 1184 310 1260 relique
337 1185 467 1261 intelligi
494 1189 628 1263 possunt.
683 1183 845 1243 Lambinus
879 1184 998 1261 quidem
1029 1185 1070 1242 sic
1098 1187 1233 1241 enarret!

110 1286 193 1360 „Ubi
215 1305 271 1362 ego
293 1287 382 1346 video
403 1287 487 1347 litem
510 1290 540 1346 in
568 1307 635 1347 meo
662 1289 729 1346 foro
758 1288 821 1361 egi,
855 1287 898 1344 ite
919 1289 1034 1344 utnon
1056 1286 1167 1361 possim
1190 1305 1236 1343 re·

108 1409 216 1448 cusnre
245 1410 304 1466 quo
328 1392 425 1450 minus
447 1391 588 1450 iudicium
612 1391 753 1468 accipiam
778 1394 808 1448 et
829 1391 938 1465 petier,
968 1392 1033 1446 tum
1057 1392 1126 1450 cett.
1171 1387 1236 1448 Hoc

108 1511 146 1550 eo
165 1492 364 1566 relereudum,
388 1493 467 1570 qnod
486 1495 551 1552 iure
568 1494 648 1552 civili
667 1497 753 1552 extre
770 1511 855 1551 suum
874 1491 971 1550 forum
988 1509 1076 1550 nemo
1091 1489 1235 1550 iudicium

110 1595 249 1672 occipere
271 1597 397 1671 cogitur,
421 1597 452 1654 iu
474 1616 529 1673 sno
551 1601 651 1655 nutem
675 1595 772 1655 debet.
827 1594 869 1653 Et
890 1598 975 1652 ector
996 1595 1056 1666 rei,
1087 1612 1146 1651 uon
1167 1611 1236 1650 rens
1351 1635 1355 1644 .

110 1700 222 1758 actoris
244 1699 340 1758 iorum
361 1696 528 1778 sequitur“.
573 1699 683 1758 Verum
705 1697 787 1758 eliud
813 1701 913 1758 temen
941 1700 988 1754 est
1017 1715 1083 1772 „res
1110 1699 1141 1755 in
1169 1714 1235 1754 meo

109 1805 178 1862 foro
197 1799 315 1877 egitur“
337 1807 368 1861 et
387 1823 471 1876 „rnen
486 1822 534 1861 res
550 1797 681 1877 egitur“.
726 1801 847 1860 Rostius
866 1804 969 1859 contre
986 1798 1093 1877 Opuso.
1111 1797 1236 1858 Plauti

110 1927 142 1984 p.
170 1907 228 1964 137
256 1904 405 1979 „Iudicis“
429 1907 528 1983 iuquit
553 1906 668 1974 „forum
690 1908 751 1978 est,
775 1905 847 1982 quie
869 1905 933 1982 ipse
955 1903 1035 1962 solus
1057 1901 1099 1960 ibi
1121 1906 1235 1978 regnet,

111 2027 212 2086 neque
234 2009 332 2068 elieno
355 2007 408 2066 sed
430 2010 493 2067 eins
515 2009 610 2086 ipsius
633 2006 759 2067 erbitrio
781 2027 829 2066 res
846 1991 992 2081 geritnr“.
1036 2005 1128 2064 Putet
1143 2005 1237 2080 igitur

112 2111 293 2171 Tranionem
317 2111 414 2170 dicere
436 2129 498 2170 rem
522 2113 578 2171 iem
602 2110 648 2170 sui
671 2109 788 2169 arbitrii
818 2128 897 2186 esse;
930 2129 989 2186 qno
1016 2107 1092 2168 nihil
1118 2106 1236 2182 lougius

112 2213 199 2273 ebest
221 2234 239 2272 s
260 2215 410 2272 sententis
431 2215 510 2288 eins,
545 2233 611 2292 quae
640 2213 702 2272 haec
725 2217 785 2285 est,
820 2211 961 2289 qnoniam
990 2211 1049 2272 sibi
1069 2210 1236 2290 periculum
1269 2245 1271 2248 -

112 2317 270 2376 imminere
280 2315 390 2390 videet,
410 2317 466 2375 sibi
485 2317 613 2396 emplius
631 2319 720 2376 etiem
739 2313 921 2374 turbandum
935 2333 1008 2375 esse.
1042 2313 1236 2374 Redeuudum

113 2423 161 2478 est
189 2419 228 2478 sd
254 2419 426 2497 primarium
455 2420 565 2480 codicis
588 2419 610 2478 C
633 2421 820 2496 scripturum.
876 2418 947 2477 Heio
969 2415 1133 2477 Ritsehelio
1155 2414 1237 2474 vide·

112 2521 204 2582 betur
226 2522 333 2582 tuisse:
361 2521 409 2595 „in
431 2541 497 2581 mee
520 2519 620 2597 iore“;
645 2522 681 2581 ds
704 2541 763 2599 quo
787 2541 878 2598 quum
896 2521 1075 2593 dubitarem,
1099 2518 1238 2578 Gertnius

113 2629 147 2685 et
168 2624 389 2685 Studemundus
412 2628 546 2703 iuspecto
570 2625 670 2686 codice
688 2645 735 2684 me
753 2625 919 2684 docuerunt
935 2623 972 2682 ab
990 2623 1076 2682 initio
1093 2621 1238 2698 seriptum

112 2728 221 2786 fuisse:
255 2723 289 2788 ist
310 2725 414 2790 medio
435 2723 514 2804 fore.
570 2728 633 2790 Hoc
661 2733 778 2788 retento
806 2746 863 2804 pro
894 2729 1036 2802 corrupto
1062 2718 1234 2798 „uentrem“

113 2830 222 2906 scripsi
252 2825 449 2906 deprensum.
498 2831 566 2891 lure
594 2850 626 2890 se
647 2833 679 2890 in
701 2830 800 2890 medio
821 2829 999 2907 deprensum
1022 2827 1095 2886 dicit
1117 2827 1236 2899 Tranio,

112 2952 202 3011 quem
232 2939 263 2992 et
290 2953 382 2993 senex
410 2940 441 2995 et
463 2933 542 2994 filius
564 2935 710 2993 melorum
733 2935 863 2991 omnium
887 2935 1038 2990 auctorem
1060 2930 1171 2992 dicent.
1195 2959 1237 2970 --

115 3037 270 3114 wantum
291 3037 407 3112 potest,
431 3061 458 3098 v.
484 3040 556 3098 743.
579 3067 623 3076 -—
647 3037 739 3096 1036.
763 3031 820 3096 alii
842 3031 956 3112 quibus
978 3033 1092 3104 osmer.
1117 3053 1171 3093 sm.
1194 3061 1238 3074 -

117 3140 209 3198 1037.
226 3137 335 3214 possit
354 3141 442 3199 idem.
465 3170 509 3181 -
535 3141 625 3200 1038.
649 3135 723 3199 llaec
746 3159 783 3198 ex
804 3139 938 3214 vestigiis
960 3137 987 3196 A
1010 3137 1078 3197 edd.
1103 3135 1235 3198 Studem.

112 3241 233 3316 Feetgr.
257 3262 287 3320 p.
312 3245 362 3303 67.
390 3273 432 3283 -
460 3243 535 3302 Post
562 3243 591 3302 h.
615 3263 644 3302 v.
667 3243 698 3300 iu
727 3241 818 3302 codd'
834 3239 909 3300 Pell.
933 3239 1238 3300 exciderunt-versus

112 3343 251 3420 quidem,
275 3346 327 3422 qui
349 3347 380 3404 in
401 3347 428 3404 A
450 3344 585 3418 fuerunt,
619 3352 654 3403 nt
675 3345 711 3404 R.
734 3345 871 3421 putebat,
895 3349 1009 3420 septem
1032 3362 1169 3416 numero,
1204 3347 1241 3402 ut

112 3445 310 3508 Studemund.
333 3442 450 3526 Festgr.
473 3470 503 3527 p.
528 3451 566 3507 66
596 3447 713 3521 docuit,
742 3448 887 3525 quinque,
916 3465 1078 3522 eorumque
1100 3446 1236 3504 ultimum

113 3553 142 3610 ei
165 3550 262 3628 legere
285 3552 419 3628 contigit.
457 3544 695 3627 mcccccopcbo
717 3549 849 3612 Studem.
867 3570 934 3623 em„
958 3549 1041 3630 erem
1061 3549 1184 3621 scilicet,
1207 3566 1236 3608 v.

115 3655 208 3714 1074.
252 3649 449 3734 041110»οο
472 3674 598 3732 ego—
616 3649 803 3727 Memcror,
827 3653 864 3712 cf.
883 3651 1041 3711 cisc519.
1070 3650 1235 3710 Menneu

111 3757 398 3838 marcessere.
438 3756 647 3816 Posuisse.
686 3755 778 3816 Stich.
801 3757 874 3815 446.
896 3785 939 3796 -
969 3755 1061 3815 1044.
1090 3749 1169 3832 quid
1189 3754 1235 3814 ed.

111 3879 159 3937 pr.
183 3889 226 3901 -
244 3874 399 3936 proxume
420 3855 555 3920 uiciniae
577 3857 623 3932 R„
646 3878 674 3918 v.
700 3859 739 3917 ed
760 3859 867 3918 Bacch.
892 3860 963 3919 202.

202 3965 293 4023 1046.
317 3961 445 4022 Nomius
466 3982 550 4021 novae
572 3981 667 4020 scenae
689 3962 720 4020 in
741 3961 768 4020 A
791 3962 996 4041 suprascripta
1018 3965 1097 4020 snut.
1140 3960 1242 4032 Theo·¹

112 4066 256 4145 propides
284 4086 320 4124 ex
349 4066 477 4126 Simonis
505 4064 619 4123 edibus
648 4065 804 4142 egrediens
832 4064 925 4124 servis
954 4064 1017 4122 eins
1045 4066 1125 4122 intre
1156 4064 1236 4124 redes

112 4171 251 4247 imperet,
274 4173 310 4228 ut
325 4169 423 4247 parati
442 4171 502 4228 sint
519 4167 558 4227 ed
575 4167 800 4242 excurrendum,
819 4186 910 4244 quum
926 4167 1055 4244 primunr
1072 4170 1235 4242 vocaverit,

112 4279 144 4333 et
165 4279 201 4332 ut
222 4275 354 4332 manices
382 4272 419 4330 ed
444 4271 632 4331 vinciendum
655 4270 835 4329 Trnniouem
861 4275 976 4347 pereni.
1020 4267 1236 4329 ISTASTATE
1277 4271 1282 4277 ’

981 4381 1030 4436 24*
