2982 5012
649 399 652 404 ·
740 375 833 432 Plauti
1155 375 1349 446 nisse-ss

730 565 847 632 Miles
888 575 891 584 '

680 675 772 752 Quae
793 681 826 740 te
849 674 1063 758 intemperiae
1085 674 1224 740 tenent?

229 783 318 860 Quas
339 790 376 848 tu
399 781 479 848 mihi
502 781 656 848 tenebras
678 782 805 847 tradis?
850 780 935 859 Quin
957 789 994 848 tu
1015 781 1182 847 fidicinam
1296 797 1356 850 475

229 891 368 956 Produoi
391 891 480 956 intus
504 890 620 956 iubes?

665 996 920 1082 Periphanes

658 1106 750 1172 Haeo
772 1125 849 1188 ergo
873 1117 924 1171 est
946 1103 1099 1192 fidicina.¹

231 1215 292 1280 Hic
315 1215 381 1280 alia
403 1214 535 1280 nullast.
1164 1209 1170 1216 '

493 1405 497 1414 .
731 1320 848 1386 Miles

587 1427 661 1496 Non
683 1429 762 1494 mihi
784 1430 900 1510 nugari
924 1436 1026 1513 potes.

230 1539 316 1617 Quin
338 1551 373 1604 ιιι
397 1537 460 1604 huo
482 1538 638 1622 producis
660 1535 826 1604 fidicinem
850 1536 1148 1622 Acropolistidem?

666 1647 920 1752 Periphanes

231 1776 331 1856 Haeo,
354 1777 499 1860 inquam,
522 1785 581 1843 est.
612 1783 616 1792 '

694 1926 698 1932 ·
730 1883 849 1950 Miles

568 1992 641 2058 Non
664 1993 754 2070 haee,
776 1993 921 2075 inquam,
944 1998 1002 2058 est.
1047 1993 1120 2058 Non
1142 1995 1276 2060 nouisse
1304 2017 1367 2061 me

229 2100 336 2167 Meam
358 2123 432 2168 rere
456 2103 594 2167 amioum
617 2099 737 2185 posse?

667 2231 920 2315 Periphanes

720 2339 885 2420 .Hanc,
906 2340 1050 2422 inquam,
1074 2339 1161 2406 filius
1303 2363 1367 2414 480

228 2447 320 2516 Meus
344 2447 517 2532 deperibat
539 2445 714 2513 fidicinam.
841 2475 843 2482 ·

731 2554 847 2620 Miles

761 2663 852 2728 Haeo
874 2683 939 2728 non
962 2671 1013 2729 est
1036 2685 1084 2729 es.

660 2771 913 2856 Periphanes

229 2879 337 2959 Quid?
359 2902 424 2949 non
448 2879 521 2946 est?

732 2987 847 3053 Miles

566 3095 638 3162 Non
661 3103 719 3161 est.

664 3201 917 3286 Periphanes

765 3309 860 3376 Unde
883 3309 964 3376 haee
987 3311 1087 3394 igitur
1109 3313 1257 3394 gentium
1283 3317 1363 3380 est?
1489 3350 1491 3447 p

227 3419 388 3503 Equidem
413 3419 522 3532 hercle
545 3427 717 3504 argentum
742 3442 800 3503 pro
823 3418 885 3484 hac
908 3418 993 3484 dedi.

729 3539 849 3610 Miles

1008 3687 1011 3696 ·
1044 3645 1151 3719 Stulte
1174 3654 1289 3720 datum

227 3763 312 3826 Reor
335 3769 368 3826 et
390 3767 565 3844 peccatum
584 3761 728 3844 largiter.
962 3739 967 3752 ’

391 3859 395 3868 ’
663 3868 918 3952 Periphanes

772 3977 874 4070 Immo
898 3977 980 4042 haec
1003 3987 1091 4058 east;
1197 3958 1202 3968 ’

292 4172 343 4225 474
360 4176 389 4224 te
407 4185 458 4225 om.
477 4169 504 4224 B
602 4171 653 4224 475
687 4169 777 4224 trudis
796 4169 832 4236 B,
851 4169 933 4224 tridis
951 4173 979 4222 A
1066 4172 1117 4223 478
1135 4172 1360 4239 eropolistidem

223 4255 400 4310 480eamB
471 4271 531 4309 esse
550 4255 577 4307 A
646 4257 697 4310 484
716 4261 812 4309 stom.
832 4257 857 4308 A
928 4255 998 4310 haee
1017 4256 1102 4309 estA
