2970 5006
260 401 321 462 312
728 393 906 448 Mostellaria.

263 587 450 666 „Postillam“
475 591 600 668 legatur,
627 589 770 662 „Postilla
791 586 855 648 me“
881 591 1010 668 scripsit,
1034 591 1163 668 eumque
1176 587 1247 648 Lor.
1260 591 1367 646 secutus

259 701 319 768 est;
353 693 406 753 sed
429 715 446 752 a
467 693 568 764 bonis,
601 713 661 752 non
684 712 701 750 s
728 691 812 749 malis
835 691 918 751 codd.
942 691 1189 770 proficiscendum
1212 697 1267 750 est.
1309 689 1367 763 Ego

259 795 324 857 iam
346 797 466 875 scripsi,
494 801 529 854 ut
554 797 622 853 160.
677 793 721 852 De
750 793 897 854 infinitivo
926 795 962 853 ci.
987 796 1025 854 ad
1047 796 1114 854 Aul.
1140 797 1211 854 333.
1237 824 1274 834 —
1304 793 1367 850 133.

259 903 292 959 In
316 905 479 958 extremum
508 917 627 955 versum
650 895 789 954 librarius
813 898 967 975 archetypi
989 919 1092 958 errore
1114 899 1227 973 recepit
1249 897 1369 972 proximi

259 1023 361 1062 versus
384 1001 495 1060 exitum
519 1014 703 1060 cormeum.
759 998 846 1071 Quod
868 1001 1020 1059 antecedit
1041 997 1090 1073 in,
1124 999 1194 1059 addi
1217 1003 1316 1076 potuit
1337 999 1369 1056 ad

259 1107 320 1164 haec
344 1103 562 1180 coniungenda,
585 1107 648 1160 tum
671 1121 774 1161 versus
798 1103 951 1162 extribus
974 1105 1091 1162 creticis
1113 1107 1245 1176 constat,
1275 1103 1301 1160 si
1321 1122 1372 1178 pro

263 1205 329 1283 „in“
355 1202 434 1266 mihi
455 1205 577 1280 scribas,
599 1204 841 1264 antecedentibus
863 1207 969 1264 similis
986 1209 1051 1263 erit.
1093 1205 1273 1264 Ritschelius
1288 1204 1372 1282 plura

259 1308 402 1369 excidisse
424 1308 564 1386 putabat3
599 1305 693 1380 Bugg.
717 1309 882 1385 supplevit:
920 1307 1101 1386 „grandibus
1123 1309 1217 1382 guttis
1238 1305 1371 1383 pluens“.

259 1443 301 1452 -
332 1414 389 1471 139
419 1411 587 1471 octonarius
614 1410 767 1470 iambicus.
801 1441 838 1449 -
874 1413 932 1470 140
964 1416 1081 1470 tetram.
1106 1415 1192 1482 eret,
1228 1431 1295 1468 nam
1318 1425 1374 1484 que

259 1535 325 1574 cum
341 1513 449 1574 Bothio
467 1513 633 1590 ceterisque
650 1513 790 1572 delemus.
803 1543 845 1552 -
865 1507 911 1573 Re
934 1516 1041 1573 emissa
1063 1516 1152 1572 etiam
1174 1507 1255 1588 fides
1277 1517 1374 1590 parire

258 1619 342 1692 solet,
366 1618 403 1676 cf.
416 1615 536 1676 Trucul.
549 1617 603 1673 45:
632 1615 808 1692 „Extemplo
832 1621 862 1674 et
884 1618 965 1693 ipsus
987 1618 1077 1693 periit
1099 1623 1129 1674 et
1150 1635 1197 1673 res
1220 1621 1250 1673 st
1271 1613 1373 1672 fides“.

258 1751 301 1762 —
326 1723 382 1780 141
407 1719 575 1780 trochaicus
597 1719 793 1795 septenarius.
837 1715 873 1776 in
899 1735 960 1778 usu
987 1725 1032 1776 est
1058 1721 1137 1778 inter
1163 1737 1263 1790 usum,
1297 1721 1376 1776 recte

258 1823 432 1882 Lambinus:
468 1819 502 1881 in
530 1836 637 1893 metm,
670 1825 704 1878 ut
729 1823 798 1880 120.
821 1851 862 1860 -
899 1823 1042 1880 142-44
1072 1821 1222 1880 octonarii
1249 1819 1375 1878 iambici.

257 1926 292 1984 In
314 1929 411 2002 primo
434 1943 521 1984 versu
543 1929 613 2001 post
629 1923 829 1982 Camerarius]
852 1923 964 1982 editur:
992 1926 1053 1997 ,ita
1075 1925 1148 1983 haec
1171 1925 1254 2000 tigna
1277 1922 1379 1981 umida

134 2089 137 2094 ,
257 2025 394 2105 putent“‚
423 2046 522 2105 prave,
546 2047 613 2084 nam
631 2026 752 2101 putere,
777 2026 922 2104 quidquid
944 2027 1017 2084 dicit
1038 2027 1152 2086 Bitsch.
1176 2026 1255 2084 liius.
1279 2025 1376 2084 Rhen.

257 2129 312 2188 vll
333 2151 363 2207 p.
384 2131 459 2202 611,
483 2129 521 2188 ad
543 2129 664 2188 odorem
687 2129 828 2202 refertur,
858 2148 917 2187 non
939 2129 976 2188 ad
998 2128 1202 2205 fragilitatem.
1248 2127 1377 2187 Ruinam

258 2232 364 2290 adium
392 2231 542 2290 antecedit
570 2232 617 2304 id,
652 2231 733 2310 quod
755 2252 772 2290 a
794 2234 944 2309 scriptura
966 2231 1099 2290 codicum
1122 2236 1258 2308 proxime
1282 2232 1378 2305 abest,

257 2335 386 2408 oetan&
418 2334 473 2392 hoc
501 2335 594 2408 igitur
618 2333 844 2394 restituendum.
891 2333 950 2393 Nec
977 2336 1049 2393 ferri
1077 2339 1178 2410 potest
1200 2333 1379 2395 adverbium

261 2434 410 2510 „nmide“,
442 2433 552 2497 menide
580 2459 616 2496 ox
643 2435 664 2494 C
694 2411 925 2496 adsciscendum]
981 2437 1051 2498 Voo.
1080 2433 1155 2498 baec
1183 2445 1254 2514 post
1294 2437 1377 2510 „itm

258 2559 361 2598 versus
389 2525 449 2599 riou
483 2541 612 2616 patitur;
646 2559 700 2598 nos
734 2559 799 2597 cum
827 2540 988 2599 Ritschelio
1021 2543 1273 2617 transposuimus,
1309 2549 1381 2600 unte
1476 2553 1477 2566 ¹

258 2643 314 2701 hoo
342 2647 441 2701 autem
468 2643 500 2699 in
527 2661 615 2700 versu
643 2647 813 2718 asynarteto
841 2642 939 2701 hiatus
966 2644 1117 2718 legitimus
1151 2649 1210 2716 est;
1246 2645 1381 2723 alioquin

263 2741 356 2819 „iam“
383 2743 532 2804 adderem.
558 2775 594 2785 -
619 2740 728 2804 uideor
750 2765 804 2804 em.
823 2745 953 2819 (lamen,
976 2745 1069 2823 Bugg.
1095 2752 1148 2821 „ut
1170 2764 1228 2804 non
1251 2746 1378 2806 uideur“¹

259 2849 393 2925 scripsit;
428 2846 480 2905 sed
514 2848 545 2904 in
578 2846 689 2905 talibus
722 2849 972 2909 enuntiationibus
1000 2848 1125 2906 Plautus
1153 2849 1282 2908 solutam
1313 2870 1380 2909 ora·
1476 2909 1477 2934 ,

259 2955 370 3011 tionem
393 2955 487 3022 amat,
517 2971 544 3008 v.
568 2941 604 3008 ad
627 2948 735 3026 Amph.
761 2951 831 3008 952.
856 2980 897 2990 —
929 2953 997 3010 143.
1026 2950 1196 3026 perpetuae
1219 2945 1276 3026 (sic
1301 2954 1381 3010 enim

260 3060 341 3112 recte
364 3054 409 3113 ed.
432 3049 503 3131 pn),
526 3054 545 3112 i.
570 3073 594 3109 e.
620 3055 788 3127 continuae,
820 3072 878 3112 vox
899 3055 930 3112 in
951 3054 1004 3112 tali
1028 3074 1060 3112 re
1083 3053 1190 3114 Plauto
1213 3054 1381 3126 familiaris,

261 3158 298 3216 cf.
324 3157 441 3234 „perire
462 3150 629 3234 perpetuo“
653 3155 732 3214 infra
750 3157 819 3216 539.
853 3156 935 3216 Pers.
959 3157 1031 3216 282.
1065 3155 1132 3215 Ter.
1152 3156 1209 3216 Ad.
1230 3159 1302 3230 283,
1326 3165 1381 3216 aut

265 3261 313 3334 „in
341 3264 519 3336 perpetuum
547 3253 685 3316 modum“
722 3258 801 3316 inira
836 3261 905 3318 525.
940 3261 1030 3344 1029.
1066 3289 1107 3298 -
1148 3261 1217 3318 144.
1263 3257 1378 3330 „Qnin“

262 3363 360 3439 repeti
382 3381 440 3420 non
462 3363 577 3437 potuit,
611 3361 722 3421 Bitsch.
746 3361 872 3435 delevit;
907 3361 958 3420 sed
987 3361 1224 3421 emendationem
1253 3361 1383 3420 absoluit
1476 3343 1477 3414 i

261 3465 408 3542 Boggius3
437 3484 527 3542 quum
558 3464 635 3525 enim
667 3459 776 3540 ‚squin“
808 3464 844 3522 ab
868 3467 933 3542 ipso
956 3464 1082 3522 librario
1104 3470 1271 3522 correctum
1293 3471 1382 3537 esset,

262 3568 318 3626 hoc
347 3582 416 3626 eum
448 3573 547 3625 autem
580 3567 657 3625 alter
687 3566 830 3625 librarius
863 3585 917 3644 pro
951 3567 1162 3644 praepositione
1196 3571 1382 3644 sumpsisset,

262 3673 398 3748 proxima
421 3689 539 3746 quoque
560 3689 620 3728 vox
642 3673 760 3729 mutata
783 3674 837 3727 est.
863 3700 901 3710 -
929 3673 986 3727 145
1010 3677 1128 3728 tetram.
1152 3673 1236 3742 eret,
1268 3673 1385 3746 sipost
1476 3675 1477 3736 ἶ

263 3789 334 3834 eum
356 3773 466 3831 hiatur.
518 3787 610 3849 quom
632 3768 707 3844 seio,
731 3777 889 3849 postquam
912 3773 1061 3845 intellexi,
1091 3772 1126 3830 cf.
1155 3772 1199 3844 ,si
1222 3769 1303 3830 scio“
1328 3791 1385 3849 pro

266 3876 336 3951 „uhi
358 3872 522 3934 rescivero“
548 3875 627 3936 Men.
654 3877 723 3934 152.
748 3877 818 3934 205.
852 3876 918 3936 Mil.
943 3877 1014 3934 827.
1049 3875 1130 3933 Pers.
1154 3875 1226 3934 235.
1252 3876 1322 3932 237.
1344 3905 1383 3914 —-

268 3976 410 4037 146-49
435 3979 603 4036 tetrametri
619 3983 680 4035 tres
698 3980 800 4036 cretici
819 3998 882 4037 cum
901 3979 1047 4036 trimetro.
1090 3978 1149 4035 146
1169 3995 1233 4052 sqq.
1253 3976 1387 4054 Buggius

264 4079 432 4141 Acidalium
461 4085 577 4139 secutus
606 4079 722 4139 scribit:
767 4081 849 4154 „Quo
877 4079 980 4138 nemo“
1013 4085 1042 4139 et
1073 4079 1148 4153 ,hau
1176 4078 1385 4138 uictitabam‘·.

266 4181 324 4244 Sed
352 4202 407 4240 nec
436 4185 500 4240 veri
527 4181 622 4241 simile
649 4187 696 4240 est
726 4179 847 4256 „nemo“
878 4185 908 4242 in
936 4181 1065 4259 „neqne“
1093 4181 1289 4260 deprevatum
1312 4203 1386 4254 esse,

266 4289 296 4342 et
312 4286 461 4362 posterior
478 4286 625 4344 sententie
642 4289 722 4346 iusto
741 4285 859 4345 brevius
878 4289 1068 4358 enuntiatur;
1091 4303 1159 4342 nam
1181 4279 1276 4361 crolup
1299 4283 1389 4342 aliter
