2976 5018
87 1779 382 1879 cintellariafabule
393 1822 447 1890 eet,
464 1819 496 1875 in
513 1837 572 1895 que
589 1818 690 1892 agitur
707 1816 744 1874 de
756 1815 870 1874 cistella
882 1835 946 1873 cum
960 1815 1142 1892 crepundiis,
1160 1835 1220 1893 qua

86 1925 215 1981 inventa
245 1922 418 1998 agnoscitur
440 1918 502 1978 filia
524 1918 594 1976 olim
622 1920 788 1995 supposita.
839 1919 1054 1992 Argumentum
1081 1917 1142 1976 tale
1164 1923 1219 1976 est.

86 2025 229 2100 Sicyone,
253 2023 306 2082 ubi
328 2022 429 2081 fabula
446 2023 554 2098 egitur,
577 2020 807 2079 Phanostratam
825 2020 956 2098 puellam
974 2021 1133 2093 ingenuam
1151 2025 1221 2079 ente

88 2126 262 2186 octodecim
296 2145 388 2184 annos
421 2127 575 2183 emoverat
597 2122 742 2201 Demipho
774 2128 924 2182 mercator
955 2121 1107 2181 Lemnius.
1163 2123 1221 2195 Qui

87 2249 183 2306 quum
219 2227 340 2286 demum
369 2227 498 2286 redisset
525 2227 674 2302 aliamque
701 2224 743 2283 ibi
770 2245 893 2283 uxorem
921 2224 1069 2300 duxisset,
1102 2225 1221 2283 Phano-

88 2336 193 2390 strata
216 2330 356 2407 puellam,
380 2349 468 2406 quam
491 2329 620 2406 peperit,
643 2347 792 2405 exponere
814 2331 918 2385 coacta
945 2331 1000 2385 est.
1054 2325 1222 2404 Lampadio

88 2453 198 2492 servus
222 2433 286 2491 eine
307 2432 451 2490 infantem
470 2433 501 2490 in
520 2429 721 2508 hippodromo
737 2429 873 2507 proiecit,
895 2429 1060 2507 proculque
1077 2430 1223 2507 aspicisne

89 2535 261 2596 amuliere
288 2533 416 2610 quadam
443 2533 512 2592 tolli
539 2533 761 2591 animadvertit.
818 2532 888 2590 Haec
914 2531 1045 2609 puellam
1074 2532 1224 2590 Melaeuidi

91 2640 199 2696 emices
228 2636 351 2709 tradit,
373 2655 439 2714 quae
468 2655 532 2693 eam
561 2655 618 2712 pro
645 2654 700 2692 aue
728 2634 836 2692 educat
858 2639 888 2693 et
910 2635 1057 2694 Selenium
1080 2635 1223 2713 appellat.

88 2739 241 2798 Adultam
264 2737 342 2796 hanc
363 2736 610 2809 Alcesimarchus,
634 2736 807 2797 adolescens
830 2737 986 2814 Sicyonius
1016 2736 1113 2814 dives,
1144 2742 1225 2796 amat

90 2848 122 2900 et
145 2841 231 2900 domi
253 2839 334 2918 apud
357 2861 389 2900 se
411 2839 511 2900 habet.
561 2839 620 2898 Sed
649 2844 737 2916 pater
763 2841 826 2898 eius
849 2841 938 2898 aliam
962 2841 989 2897 ei
1011 2859 1133 2898 uxorem
1155 2859 1223 2917 spo-

89 2943 257 3023 ponderat,
285 2942 480 3020 Demiphonis
502 2943 594 3001 filiam
618 2960 655 3000 ex
677 2942 801 3000 Lemnia
823 2961 915 3001 uxore
938 2946 1052 3014 natem3
1077 2941 1223 3019 Demipho

90 3047 175 3104 enim
199 3049 272 3121 post
297 3045 385 3106 huius
412 3048 516 3105 uxoris
544 3050 670 3103 mortem
693 3064 758 3103 cum
781 3045 843 3102 filia
866 3045 1021 3120 Sicyonem
1044 3045 1225 3120 migraverat

91 3154 123 3207 et
147 3167 217 3206 cum
235 3147 443 3219 Phanostrata,
467 3167 556 3223 quam
578 3147 663 3224 prius
687 3151 848 3221 amaverat,
872 3167 983 3205 novum
1002 3147 1225 3204 matrimonium

90 3251 246 3308 iunxerat.
291 3249 345 3307 Hie
368 3249 478 3307 auditis
495 3249 639 3323 Melaenis,
664 3268 728 3327 quae
752 3248 901 3308 Selenium
918 3247 1131 3307 Alcesimarchi
1153 3267 1224 3307 uxo·

93 3371 161 3410 rem
183 3352 249 3410 fore
272 3357 457 3428 speraverat,
481 3371 545 3410 eom
569 3351 607 3409 ad
630 3372 660 3411 se
683 3356 811 3412 revocat.
868 3352 914 3410 Ea
935 3357 1034 3410 autem
1057 3371 1149 3429 quum
1172 3371 1226 3409 nec

93 3455 202 3512 matris
225 3452 350 3530 imperio
376 3471 436 3512 non
463 3473 570 3530 parere
598 3455 737 3529 auderet,
770 3475 825 3513 nec
852 3455 1071 3514 Alcesimarcho
1104 3455 1226 3512 absente

94 3555 175 3614 ades
198 3554 257 3612 sibi
279 3554 407 3614 creditae
429 3561 542 3614 temere
565 3555 735 3632 relinquere
751 3561 862 3633 posset,
886 3559 1009 3616 amicam
1028 3557 1225 3628 meretricem,

94 3657 303 3734 Gymnasium,
336 3657 500 3734 persuadet
526 3663 561 3716 ut
589 3678 643 3717 suo
677 3659 743 3718 loco
770 3659 848 3718 aedes
875 3659 1089 3718 Alcesimarchi
1117 3664 1225 3718 servet.

96 3759 148 3819 Sic
171 3758 346 3818 adulescens
368 3758 465 3818 redux
485 3778 543 3837 pro
565 3762 675 3836 amica,
707 3781 796 3839 quam
819 3764 971 3839 egerrime
994 3761 1225 3834 desideraverat,

96 3861 189 3920 aliam
214 3860 293 3919 domi
316 3881 375 3920 eure
398 3863 553 3922 mulierem
575 3864 698 3922 invenit.
743 3864 807 3935 Quo
829 3864 911 3922 facte
933 3865 979 3922 ira
1001 3871 1032 3923 et
1049 3864 1227 3941 egritudine

98 3967 309 4022 consternatus
340 3983 395 4022 nec
427 3966 516 4024 minis
549 3985 602 4024 nec
635 3965 773 4043 precibus
806 3966 991 4025 Melaenidem
1025 3967 1062 4024 ad
1096 3966 1227 4043 puellam

98 4063 284 4122 reddendam
305 4065 469 4142 perducere
490 4071 601 4143 potest.
653 4069 763 4127 Verum
785 4069 906 4127 iuterim
928 4067 1076 4146 Demipho
1099 4075 1131 4128 et
1151 4068 1227 4126 Pha·

98 4170 237 4224 uostrata
258 4168 317 4226 iam
338 4169 418 4227 iusto
440 4171 631 4229 matrimonio
653 4172 748 4229 iuncti
763 4168 854 4229 filiam
873 4171 956 4230 illam
973 4173 1043 4230 olim
1062 4173 1227 4248 expositam

101 4286 284 4344 recuperare
306 4271 471 4346 cupientes,
494 4272 700 4348 Lampadioni,
723 4274 775 4349 qui
793 4293 857 4332 eam
875 4278 1062 4351 exposuerat,
1085 4274 1228 4334 mandant
