2970 5006
574 376 606 431 v.
625 379 767 433 scs-cm
832 416 834 424 ,
1168 385 1246 447 285ὶ

113 565 319 648 ,Equryitem
335 566 504 630 exhauriam
522 569 684 648 significat“
705 573 734 631 h.
747 575 765 632 l.
779 573 857 632 laud.
879 603 915 614 -
939 575 1008 632 581.
1027 569 1182 658 oscularis
1193 577 1228 634 A.

108 705 153 714 -
176 670 318 750 stupida,
342 679 479 752 stupens,
504 675 541 733 cf.
566 676 658 734 Poen.
684 678 781 735 1254:
819 679 881 750 „ita
903 676 1024 752 stupida
1045 679 1108 735 sine
1131 679 1230 736 animo

109 773 230 836 adsto“.
252 807 294 818 —
318 779 388 836 582.
412 772 465 836 Ne
482 775 567 856 suat,
591 779 628 836 cf.
654 778 729 838 593:
764 798 819 852 „nc
841 778 932 837 fucris
954 776 1071 856 pater“.
1093 809 1136 820 -
1159 782 1229 840 583.

109 881 258 938 Etiamsi
281 879 342 938 haec
365 879 446 937 nolet
467 887 561 939 mater
583 897 650 940 mea
671 895 747 953 esse,
775 885 875 938 tamen
898 885 1003 942 matris
1026 879 1088 941 filia
1110 902 1175 954 ero,
1205 887 1230 942 si

109 1001 172 1042 non
189 984 260 1056 eius,
284 987 316 1040 at
332 982 463 1040 alterius.
508 983 610 1043 tamea
627 997 678 1040 ero
697 987 728 1039 et
743 981 771 1039 A
788 988 819 1040 ct
836 987 914 1056 cett,
938 985 1230 1060 proceleusmaticum
1268 972 1271 978 ’

108 1086 238 1144 fortasse
262 1105 328 1143 cnm
350 1084 458 1144 Bothio
484 1081 582 1158 „tam“
607 1083 806 1158 scribendum,
835 1105 862 1144 v.
887 1085 924 1144 ad
947 1087 1050 1145 Bacch.
1078 1089 1167 1148 1196.
1191 1117 1232 1128 -

108 1217 153 1228 —
168 1189 238 1248 584.
260 1183 331 1246 med
347 1187 440 1246 Both..
450 1209 505 1246 em.
525 1217 566 1228 -
592 1190 661 1248 586.
685 1183 823 1263 appelles
840 1187 873 1259 B,
896 1187 949 1246 sed
970 1190 1029 1248 fuit
1051 1185 1232 1268 „appellas“,

110 1291 193 1367 quod
212 1295 242 1348 et
258 1293 354 1367 ipsum
371 1291 443 1349 ferri
455 1291 568 1367 potuit;
591 1291 618 1349 I:
647 1287 866 1369 „appellabas“.
879 1319 922 1332 —
935 1293 1005 1350 589.
1029 1307 1107 1368 quae
1125 1288 1231 1366 didam,

110 1389 182 1452 dias·
204 1389 323 1466 omnia,
346 1394 366 1451 i.
384 1413 409 1452 e.
428 1392 503 1452 nihil
523 1392 595 1466 dixi,
619 1394 701 1469 quad
722 1413 781 1452 nou
804 1392 968 1465 didicerim,
993 1394 1029 1452 cl.
1048 1394 1141 1453 Pccn.
1155 1397 1231 1454 908:

114 1495 242 1568 „Omnia
263 1515 424 1568 memoras,
448 1495 560 1574 quaid
582 1494 698 1556 facilius
720 1493 811 1569 fiat“;
845 1497 863 1554 i.
888 1517 913 1555 e.
938 1497 1053 1569 omnia,
1082 1517 1147 1574 qnae
1170 1517 1230 1555 me·
1275 1515 1281 1530 ·

110 1617 219 1672 moras,
243 1598 318 1656 hanc
340 1619 401 1657 rem
423 1597 588 1658 faciliorem
603 1589 750 1658 reddunt.x
782 1597 859 1658 Rud.
876 1601 950 1658 526:
977 1599 1094 1671 „omnia
1110 1619 1234 1658 corusca

45 1751 50 1762 .
109 1723 184 1781 prae
207 1707 335 1759 tremore
356 1697 505 1761 fabulor“.
549 1701 584 1762 L.
603 1703 640 1762 de
661 1701 718 1760 XX
740 1701 773 1774 Q.
793 1724 821 1762 v.
840 1704 893 1760 32:
922 1721 1049 1778 ,eosque
1070 1722 1233 1780 praecones

111 1806 233 1878 omneis,
263 1823 336 1880 quos
360 1825 395 1863 eo
418 1804 522 1864 ordina
545 1805 649 1882 dignos
668 1805 902 1878 arbitrabuntur,
924 1801 1077 1878 legunt0“.
1107 1801 1181 1862 'Cio
1201 1799 1240 1882 ps

110 1909 235 1966 Plancio
258 1911 287 1980 7,
315 1909 366 1965 17ε
406 1927 523 1980 „omnes
546 1913 642 1966 tecum
665 1910 798 1983 equitum
821 1906 1022 1965 Romanorum
1044 1905 1098 1964 filii
1120 1909 1233 1982 petire·

110 2006 216 2068 runt“.
261 2009 331 2068 Sall.
355 2007 419 2084 Ing.
447 2011 516 2082 103,
549 2012 562 2068 l
589 2011 626 2070 al.
671 2009 738 2070 Non
761 2029 836 2088 opus
858 2011 966 2086 igitur,
1000 2014 1036 2068 nt
1063 2029 1129 2067 oum
1156 2007 1233 2086 Gep-

110 2117 201 2190 perto
213 2112 375 2170 scribatur:
403 2132 497 2190 „quse
509 2114 580 2186 dixi,
601 2112 692 2171 didici
705 2110 833 2173 omnia“.
845 2143 886 2153 -
906 2115 975 2172 590.
999 2107 1232 2190 suilmaqa'ster,

109 2221 226 2293 transp.
249 2215 336 2273 Both.
375 2210 559 2289 plaustrum
580 2215 742 2274 saracenus
765 2235 801 2274 ex
824 2215 912 2274 Festo
935 2236 964 2292 p.
989 2215 1060 2284 230,
1083 2218 1134 2292 qui
1156 2214 1234 2272 hunc

111 2319 211 2376 locum
234 2317 335 2390 affert,
358 2323 396 2386 ¹et
419 2337 456 2376 ex
478 2318 595 2377 Donato
618 2317 656 2378 ad
678 2319 745 2378 Ter.
769 2318 845 2376 Eun.
871 2320 930 2377 379
956 2315 1152 2394 („perculeris
1175 2319 1234 2376 iam

109 2428 147 2480 tu
170 2415 267 2496 me“):
303 2420 517 2499 ,peruertcris,
542 2423 619 2480 unde
641 2420 846 2497 proverbium:
882 2421 955 2478 benc
978 2421 1143 2498 plaustrum
1165 2440 1233 2496 par-

111 2520 217 2597 culit“.
261 2523 318 2581 Sed
341 2527 486 2601 praterea
499 2519 632 2598 perculit
648 2523 846 2596 scribendum,
870 2526 1004 2601 quamvis
1021 2519 1110 2582 etiam
1128 2523 1234 2582 Festus

114 2621 266 2704 „perculi“
292 2625 416 2698 habeat;
438 2646 491 2684 nec
513 2629 592 2685 enim
616 2646 706 2685 senex
728 2626 779 2686 sed
796 2627 939 2705 Epidicus
957 2627 1055 2686 omnia
1072 2628 1182 2684 evertit
1204 2630 1235 2684 et

111 2749 176 2787 rem
200 2727 375 2786 familiarem
398 2730 460 2787 eius
477 2729 577 2804 fregit.
594 2759 636 2769 -
656 2731 725 2788 591.
745 2725 873 2805 peccaut
889 2729 1006 2788 addidit
1022 2727 1047 2786 Β
1063 2748 1139 2786 man.
1156 2747 1233 2802 seo,

104 2832 204 2909 pater
225 2831 376 2908 Kicssling
393 2830 472 2889 Mne.
492 2831 586 2891 Rhen.
605 2831 705 2891 XXIV
726 2854 756 2911 p.
780 2834 848 2904 120,
871 2831 1009 2909 idemque
1031 2837 1137 2910 postea
1158 2832 1189 2888 in
1209 2831 1235 2888 A

110 2937 223 2993 lectum
235 2938 288 2992 est.
307 2963 350 2973 -
368 2928 526 3008 auditam,
546 2935 697 3010 quodiam
709 2934 835 3010 Pylades
848 2934 973 3008 addidit,
994 2939 1091 2992 exstat
1102 2936 1133 2992 in
1145 2934 1180 2992 A.
1192 2963 1235 2972 -

115 3039 187 3096 592.
216 3032 316 3095 attam
339 3035 424 3094 taam
451 3031 639 3112 interimam,
665 3038 700 3096 cf.
720 3037 817 3096 Oasin.
837 3039 908 3096 630.
926 3069 964 3077 -
986 3039 1056 3096 594.
1080 3036 1155 3096 Post
1170 3051 1235 3095 rem

111 3142 231 3212 hiatus3
244 3139 420 3198 sosiacum
431 3137 545 3198 Brixia:
563 3137 703 3212 „istanc“.
716 3169 759 3180 -
772 3142 916 3198 595-97
930 3139 1081 3198 damnavit
1091 3139 1235 3199 Goetnius

114 3245 146 3301 in
170 3241 310 3314 editione,
333 3242 453 3300 iniuria.
473 3271 515 3281 -
534 3245 604 3300 597.
628 3238 734 3301 alsam
751 3243 831 3302 essct
846 3245 1012 3302 necessario
1036 3242 1234 3314 scribendum,

113 3350 148 3404 et
169 3346 211 3402 sic
234 3343 352 3404 Muller.
371 3343 492 3401 Proscd.
513 3365 542 3421 p.
563 3347 634 3418 758,
658 3347 710 3422 qui
733 3345 813 3422 quod
833 3347 1038 3424 persequitur:
1066 3365 1144 3419 „non
1166 3350 1236 3422 pote

113 3445 265 3520 nouisse“,
286 3465 341 3520 ega
357 3446 448 3504 malui
465 3467 529 3505 cum
542 3446 693 3525 Geppertc
708 3446 828 3524 ,nosse“
845 3449 983 3508 scribere.
995 3479 1037 3488 -
1059 3451 1127 3508 598.
1155 3441 1238 3522 Quid

115 3555 207 3611 etiam
229 3549 304 3609 inA
326 3549 433 3606 lectum
456 3555 519 3622 est;
553 3549 605 3608 sed
626 3552 723 3610 nescio
746 3572 783 3610 sn
809 3548 923 3626 „Qui?“
948 3551 1053 3623 fuerit,
1088 3555 1108 3610 i.
1128 3571 1152 3608 e.
1176 3569 1236 3626 quo

113 3655 206 3714 modo
229 3671 316 3712 nosse
337 3651 494 3729 poteram?
511 3681 554 3691 ——
569 3652 605 3710 at
622 3649 764 3729 primum
784 3650 854 3713 m'dt
876 3654 947 3713 olim
970 3654 1158 3714 emendatum
1181 3657 1236 3724 est,

115 3777 170 3818 nec
199 3754 344 3814 aliterd.
369 3782 406 3794 -
441 3756 511 3812 599.
545 3749 622 3814 habe
643 3757 683 3827 A,
713 3761 748 3815 ut
775 3758 910 3816 voluerat
937 3757 1071 3817 Gnietus.
1095 3787 1136 3797 -
1165 3757 1236 3814 600.

115 3875 186 3920 eam
207 3859 274 3916 tolli
295 3857 390 3915 voluit
411 3856 531 3917 Mliller.
555 3858 637 3918 Prce.
661 3879 691 3936 p.
717 3862 787 3920 389.
809 3889 851 3899 -
876 3863 947 3919 601.
975 3855 1131 3938 equidm,
1153 3879 1181 3917 v.
1200 3857 1237 3916 ad

116 3962 224 4039 Amph.
249 3961 319 4018 757.
349 3989 392 3999 -
421 3961 491 4018 602.
532 3953 668 4035 Circam,
702 3962 871 4022 ueneficam.
928 3963 1013 4034 Quod
1040 3961 1125 4021 addit
1153 3955 1238 4020 Solis

117 4055 231 4143 filiam,
251 4081 345 4142 prope
367 4043 543 4120 necessitate
567 4059 781 4138 consuefecit,
806 4087 842 4124 ne
860 4066 986 4124 Romani
1005 4065 1146 4135 homines,
1166 4063 1237 4140 quid

118 4169 217 4240 vellet,
240 4168 398 4226 nescirent.
410 4195 452 4206 -—
465 4167 537 4225 603.
560 4161 680 4226 relictis
695 4163 797 4242 rebus,
822 4170 840 4228 i.
855 4189 879 4229 e.
892 4169 1073 4247 posthabitis
1091 4166 1237 4242 omnibus,

118 4273 155 4330 cf.
180 4271 252 4329 (list.
277 4273 305 4328 6.
339 4267 457 4326 Trucul.
483 4271 559 4328 237:
596 4271 744 4348 „Probust
767 4277 895 4346 amator,
932 4276 982 4349 qni
1010 4269 1121 4330 relictis
1150 4270 1239 4330 rebus
