2982 5004
357 1244 372 1290 i

127 1411 351 1522 Argumentum
377 1441 485 1504 febules
511 1443 567 1502 hoc
594 1447 648 1502 est.
703 1443 919 1520 Stratippocles
947 1441 1123 1522 Periphenis
1153 1443 1246 1504 Athe·

128 1547 244 1606 niensis
265 1545 343 1605 filius
365 1545 436 1606 dum
458 1545 573 1604 militia
595 1565 683 1605 muse
698 1544 815 1604 Thebes
833 1541 1038 1624 proficiscitur,
1062 1547 1186 1620 veritus,
1208 1568 1246 1606 ne

101 1649 264 1722 ‘fidicine,
289 1668 386 1725 ·quem
410 1647 541 1722 emebat,
569 1648 779 1724 Acropolistis,
808 1637 926 1708 intorim
953 1647 1042 1707 elteri
1064 1647 1245 1724 truderetur,

127 1751 255 1828 Epidico
282 1770 367 1810 serre
397 1751 604 1823 mandaverat,
637 1755 672 1810 ut
699 1770 763 1810 eam
791 1750 906 1810 absenti
936 1749 993 1809 sibi
1015 1755 1134 1812 emeret.
1189 1752 1246 1824 Qui

127 1874 220 1932 quum
243 1859 398 1932 argentum
420 1855 477 1912 nisi
498 1853 635 1914 fraudato
657 1873 727 1912 sene
749 1872 922 1930 comparere
943 1852 1003 1912 don
1023 1857 1135 1930 posset,
1163 1852 1245 1912 Peri·

127 1957 221 2034 pheri
243 1961 341 2016 eutem
369 1956 458 2014 sciret
484 1953 574 2014 filiam
602 1975 638 2016 ex
665 1957 823 2033 peregrina
848 1955 972 2016 muliere
999 1960 1165 2033 susceptam
1187 1959 1245 2015 iem

129 2059 263 2119 adultam
293 2078 358 2118 cum
385 2063 482 2117 matre
509 2057 618 2116 Thebis
645 2058 766 2140 degere,
800 2058 882 2116 illem
909 2059 938 2118 ei
965 2060 1100 2118 narravit
1129 2063 1245 2136 captam

128 2181 192 2221 esse
215 2166 245 2219 et
265 2162 390 2235 triginta
411 2161 498 2220 minis
514 2159 620 2219 redimi
641 2179 738 2238 posse,
761 2179 856 2238 eoque
874 2165 1000 2235 argento
1015 2165 1136 2239 accepto
1153 2161 1245 2224 Acro·

127 2262 301 2342 polistidem
334 2265 361 2320 ei
393 2281 449 2340 pro
481 2245 562 2322 filia'·
576 2261 712 2328 tradidit.
767 2262 948 2322 Adulescens
978 2269 1077 2322 eutem
1105 2264 1137 2322 in
1166 2262 1245 2323 bello

127 2367 234 2425 absens
256 2366 344 2424 aliam
365 2365 503 2444 puellam,
534 2384 623 2442 quem
644 2367 724 2424 inter
746 2368 878 2443 captivas
899 2365 991 2438 vidit,
1016 2383 1118 2449 ,amare
1147 2366 1244 2443 oepit,

128 2488 252 2547 eamque
282 2467 479 2546 quadraginta
507 2459 709 2541 minie'emit‚
743 2487 817 2546 quos
845 2467 882 2526 eb
910 2471 1081 2544 argentario
1115 2467 1245 2547 quodem

128 2573 240 2632 fenore
260 2573 396 2648 sumpsit.
450 2569 512 2628 Iem
541 2570 572 2628 iu
601 2572 730 2649 petriam
757 2571 851 2630 redux
872 2570 905 2630 id
926 2589 1017 2629 uuum
1039 2575 1138 2644 curet,
1172 2589 1245 2646 quo-

128 2674 218 2735 modo
240 2674 296 2734 hoc
318 2677 473 2749 argentum
495 2679 664 2750 comparet,
699 2678 730 2732 et
756 2692 845 2750 quum
869 2675 900 2732 in
922 2673 1023 2732 amicis
1045 2667 1120 2731 nihil
1142 2672 1245 2732 auxilii
1361 2725 1365 2732 .

127 2779 183 2849 eit,
216 2777 325 2836 iterum
359 2774 397 2834 ad
424 2775 582 2853 Epidicum
611 2775 772 2851 confugere
800 2776 926 2850 cogitur.
981 2773 1011 2833 Is
1043 2793 1153 2843 novum
1183 2773 1245 2834 seni

128 2880 228 2941 dolum
256 2881 355 2938 struit.
409 2878 638 2938 Adulescentem
664 2881 767 2937 memet
793 2876 942 2936 fidicinem
968 2877 1098 2956 aliquam
1124 2877 1244 2956 perdite

129 3002 228 3043 emere
251 2986 289 3054 et,
312 2982 552 3060 quamprimum
574 2980 692 3041 ebello
714 2981 844 3054 redierit,
872 2979 1001 3039 liberere
1022 2979 1108 3038 velle.
1158 2977 1244 3052 Quod

128 3107 177 3146 ne·
189 3081 249 3158 fiat,
272 3085 335 3142 seni
352 3084 509 3144 consilium
526 3085 587 3158 dat,
610 3088 645 3143 ut
661 3083 742 3142 illem
759 3083 908 3144 fidicinem
926 3087 994 3142 ante
1010 3081 1064 3142 filii
1083 3065 1257 3142 adveutum¹

127 3188 186 3248 eibi
208 3192 289 3246 emet
310 3191 340 3246 et
362 3205 398 3246 ex
419 3191 500 3244 terre
522 3187 648 3264 ableget,
696 3185 759 3248 Nec
784 3205 876 3247 senex
901 3184 1021 3246 dubitet
1041 3188 1072 3244 in
1094 3203 1159 3244 eam
1180 3203 1243 3244 rom

128 3289 325 3368 quedrsgiuta
336 3289 383 3348 vel
394 3291 485 3348 etiem
502 3289 717 3368 quinquaginta
733 3291 828 3348 mines
845 3306 980 3364 erogare,
998 3307 1107 3366 eosque
1116 3285 1243 3368 Epidico

127 3392 237 3465 tradit,
266 3390 407 3470 Apoecide
429 3391 522 3451 amico
544 3391 699 3452 consilium
720 3391 867 3470 probante
889 3395 921 3450 et
938 3391 969 3451 in
986 3375 1109 3450 emendo
1124 3389 1244 3450 fidicine

128 3497 295 3556 edievanto.
338 3473 456 3554 'Servus
478 3499 576 3554 autam
598 3513 653 3572 pro
676 3498 776 3572 empto
797 3494 885 3553 aliem
906 3473 1093 3553 meretricem
1115 3493 1243 3554 conduc-

128 3606 204 3672 tam,
235 3597 322 3675 quasi
349 3615 415 3674 que
444 3594 588 3657 sacrificio
609 3597 801 3673 precineret,
833 3597 896 3656 seni
923 3596 1055 3656 eddncit.
1109 3595 1243 3680 Utrpqne

53 3701 58 3711 '
128 3701 209 3760 deus
240 3699 326 3759 brevi
360 3699 504 3776 aperitur.
571 3697 703 3758 Primum
735 3699 819 3758 miles
852 3696 987 3776 quidem,
1026 3699 1078 3776 qui
1111 3703 1142 3757 et
1179 3699 1243 3779 ipse

128 3800 376 3880 Acropolistidem
404 3799 538 3874 emebat,
570 3799 768 3880 Periphanem
800 3800 879 3874 edit,
912 3805 947 3860 nt
973 3799 1118 3879 puellam,
1154 3821 1242 3880 quem

129 3925 194 3965 eum
222 3905 326 3963 emisse
355 3902 484 3976 audivit,
512 3903 648 3963 redimat.
703 3903 800 3964 Senex
833 3902 1008 3962 conductem
1041 3903 1123 3963 illem
1150 3924 1242 3964 mere·

128 4008 230 4066 tricem
251 4005 398 4083 postulari
426 4010 518 4080 ratus,
548 4025 614 4084 quse
636 4025 733 4085 nuper
760 4007 797 4065 ad
824 4025 857 4067 se
879 4005 1007 4065 deducte
1028 4009 1123 4079 esset,
1156 4006 1242 4065 letus

129 4131 191 4169 eam
213 4109 317 4168 rendit
338 4115 369 4168 et
389 4109 483 4168 tradit
504 4108 609 4182 militi,
642 4111 695 4187 qui
722 4127 813 4187 quum
842 4128 905 4167 eam
934 4111 993 4167 non
1015 4113 1170 4184 agemont,
1204 4108 1241 4167 ab

129 4213 253 4293 Epidico
277 4231 309 4270 se
331 4211 488 4290 deceptum
511 4230 574 4272 osse
596 4213 747 4288 intelligit.
803 4211 878 4272 Tum
899 4211 1051 4290 Philippo,
1084 4211 1243 4291 peregrine
1346 4255 1352 4264 .

912 4367 920 4379 .
991 4323 1039 4378 16*
