2982 5014
181 325 243 388 448
523 319 689 374 Menaechmi
732 318 764 374 V.
786 321 961 374 uae-1140.

181 511 277 594 tundi
303 511 395 574 aedes
424 517 448 572 Δ
477 533 542 572 cum
573 500 689 574 c‘eterie.
746 515 780 576 R.
805 534 868 574 cum
893 501 1014 590 Lingio:
1053 515 1158 586 „aedes
1185 511 1300 587 fundi“,

182 619 219 676 of.
237 617 274 676 ad
293 617 370 690 4643
393 617 478 675 Mull.
495 616 596 684 „fundi
614 625 645 674 et
664 613 781 690 aedee“,
801 619 836 676 ct.
852 613 922 675 ΒΓ)
939 637 968 692 p.
982 618 1032 676 94.
1078 616 1220 674 Bucheler
1232 616 1300 675 Lat.

181 717 264 778 Deci.
283 739 311 796 p.
332 721 387 778 3'1:
415 713 723 790 „rendist-1137.
748 716 856 798 quiqui
872 713 1017 788 licebant,
1043 723 1062 778 i.
1081 739 1105 776 e.
1125 737 1301 796 quocunqne

181 824 280 900 pretio
302 821 402 878 venire
424 825 581 897 poterunt,
604 843 632 880 v.
658 823 727 880 5³5.
757 851 799 864 -
831 823 921 880 1138.
962 814 1087 884 Ueaibit
1106 821 1212 879 ultima
1234 839 1302 897 pro-

182 923 281 991 ducta,
305 922 385 1000 quod
399 923 472 1004 “fieri
494 941 583 998 poaee
600 929 689 998 negat
706 923 791 982 uult.
810 923 893 982 Pron.
912 944 941 1001 p.
956 925 1005 995 70,
1030 943 1083 982 nec
1100 943 1155 1000 ego
1176 923 1303 981 affirma-

181 1030 284 1096 verim,
307 1045 333 1084 r.
353 1025 469 1099 Proleg.
487 1044 517 1101 p.
537 1027 606 1084 196.
653 1025 687 1084 R.
710 1045 776 1084 cum
795 1025 919 1085 Guieto:
947 1025 1050 1098 „Uxor
1072 1045 1190 1102 quoque
1212 1029 1302 1084 etiam

180 1125 327 1186 nenibit“.
373 1142 494 1202 quoque
511 1123 613 1198 etium,
637 1147 665 1186 v.
685 1127 722 1184 ad
740 1128 847 1205 Amph.
869 1129 917 1188 30.
962 1128 1047 1200 Quod
1065 1136 1163 1186 autem
1182 1147 1303 1186 uxorem

182 1247 300 1306 quoque
323 1229 499 1289 venditurus
522 1240 576 1302 eet,
601 1233 688 1288 nimie
704 1217 876 1289 'scurriliter
898 1230 952 1290 hoc
974 1230 1023 1303 fit;
1046 1229 1097 1288 aed
1122 1234 1153 1288 in
1173 1239 1304 1288 extrema

181 1331 282 1390 fabula
303 1331 430 1390 sortaeae
454 1352 512 1390 non
536 1333 609 1390 nihil
633 1334 689 1390 eibi
712 1333 866 1408 indulgere
889 1335 987 1410 potuit
1009 1339 1117 1410 poeta,
1149 1353 1203 1391 nec
1227 1334 1302 1390 huno

182 1443 212 1492 et
235 1436 402 1512 proximum
426 1455 540 1493 veroum
565 1454 618 1512 pro
641 1437 750 1512 epuriie
774 1443 879 1493 notare
909 1435 1014 1493 audeo.
1043 1463 1084 1476 -
1119 1437 1209 1493 1139.
1240 1435 1301 1494 totu

182 1532 324 1596 auctione
346 1535 448 1609 codd.;
473 1537 506 1594 R.
526 1539 642 1595 inverso
659 1537 773 1606 ordine,
799 1539 914 1596 incuria
930 1543 964 1596 nt
983 1535 1113 1596 videtur.
1134 1567 1176 1577 -
1195 1535 1302 1612 cupiet,

183 1643 234 1717 qui
262 1642 428 1697 auctionem
459 1639 562 1710 saciet,
594 1637 802 1698 Menaechmus.
858 1637 964 1710 Quaeri
985 1645 1100 1716 puteat,
1136 1659 1195 1716 qno
1218 1639 1303 1698 modo

182 1741 342 1812 Messenio,
371 1744 422 1819 qui
445 1761 506 1800 rem
529 1739 708 1799 familiarem
731 1743 794 1799 eiua
818 1758 976 1818 numquam
1000 1743 1117 1800 viderat
1141 1750 1193 1800 aut
1218 1743 1303 1800 audi-

183 1851 284 1916 uerat,
319 1843 481 1920 quidquam
511 1844 547 1902 de
576 1846 671 1920 pretio
700 1845 844 1920 suspicari
873 1845 1020 1922 potuerit3
1055 1843 1106 1902 sed
1135 1863 1302 1920 praconum

183 1965 247 2006 moe
274 1945 363 2004 tuiaee
390 1947 511 2004 videtur
537 1947 567 2003 in
597 1946 805 2005 conclamantia
834 1949 971 2006 auctione
998 1948 1058 2004 tale
1087 1948 1157 2022 quid
1188 1947 1223 2004 de
1250 1965 1302 2004 auo

182 2047 302 2106 addere.
348 2047 431 2119 Quod
455 2047 491 2105 ad
514 2064 657 2107 sumniam
681 2053 796 2121 attinet,
820 2050 907 2126 vulgo
931 2068 967 2107 ex
985 2047 1008 2106 B
1026 2049 1127 2107 aditur
1149 2047 1301 2126 quiuqua-

180 2145 291 2227 gesies‚
316 2149 396 2227 quod
420 2151 614 2227 quinquagies
638 2153 881 2228 interpretantur,
906 2131 972 2228 que
993 2152 1088 2208 forma
1106 2171 1161 2208 neo
1180 2171 1302 2226 nequam

181 2253 334 2310 invenitur
345 2271 398 2310 nec
416 2255 479 2311 veri
497 2253 621 2311 similem
640 2256 787 2312 rationem
805 2231 904 2312 habet.
949 2252 1072 2311 Accedit
1089 2253 1167 2329 quod
1187 2271 1303 2330 semper

183 2356 213 2412 in
236 2355 368 2432 palliatis
390 2355 539 2414 comoediie
568 2358 684 2430 argenti
713 2359 830 2414 nomina
853 2356 956 2414 Graeca
979 2361 1056 2428 eunt,
1081 2355 1136 2414 boc
1157 2375 1217 2414 uno
1240 2356 1305 2414 loco

183 2457 294 2516 Latine
327 2459 517 2534 computandi
550 2461 628 2516 ratio
663 2459 861 2532 inveniretur,
897 2469 926 2515 et
958 2459 1105 2531 ingentis,
1140 2477 1175 2514 ne
1210 2457 1303 2514 dicam

184 2558 324 2618 inauditae
358 2559 496 2618 Plautino
534 2567 669 2638 tempore
708 2561 922 2634 magnitudinis
960 2579 1074 2620 summa
1112 2560 1303 2618 indicaretur.

184 2661 268 2732 Quod
291 2665 316 2718 ei
338 2665 404 2738 quie
434 2663 514 2722 dicat
542 2667 687 2740 praeconia
715 2683 778 2720 esee
807 2665 838 2720 in
867 2661 1025 2722 indicando
1047 2665 1146 2740 pretio
1170 2682 1232 2720 rem
1256 2683 1303 2720 ex·

185 2781 342 2840 aggerare,
371 2765 419 2822 hic
441 2765 575 2842 quidem,
605 2765 655 2824 ubi
678 2762 732 2823 ruse·
755 2765 890 2836 additur,
926 2785 984 2824 non
1008 2770 1217 2842 exaggeratur,
1255 2763 1304 2822 sed

185 2875 368 2940 attenuatur,
397 2887 449 2924 neo
471 2867 533 2925 ullo
557 2867 645 2926 modo
669 2867 733 2926 fieri
755 2869 856 2945 potuit
878 2873 912 2926 ut
938 2865 1025 2940 „vix“
1045 2869 1102 2926 niai
1126 2887 1191 2925 cum
1213 2887 1305 2944 parva

185 2987 298 3026 summa
320 2970 503 3044 iungeretur.
558 2970 727 3028 Abiiciatur
749 2973 841 3045 igitur
869 2977 1010 3045 corrupta
1037 2989 1108 3042 vox,
1141 2971 1303 3046 prasertim

186 3089 250 3128 cum
273 3069 331 3128 alio
355 3070 465 3130 ducant
487 3077 517 3128 et
541 3072 563 3129 G
586 3079 615 3128 et
637 3075 676 3144 A,
708 3073 759 3131 ubi
782 3071 817 3133 R.
841 3074 913 3146 tegit
935 3069 1303 3143 QUINQUAGESISA.S.

186 3172 304 3230 Certum
331 3193 377 3230 me
401 3173 636 3235 emendationem
664 3177 812 3234 invenisse
835 3195 894 3234 non
917 3173 1021 3247 credo;
1056 3173 1184 3250 exempli
1207 3191 1306 3230 ¹cauea

185 3277 391 3352 proposuerim
424 3277 653 3353 „quinquaginta
685 3277 786 3335 mnee“
820 3283 887 3347 aut,
925 3275 1002 3353 quod
1039 3277 1069 3333 in
1097 3279 1183 3332 textu
1211 3276 1305 3352 poeui,

186 3373 322 3454 quinque
344 3381 401 3438 aut
420 3394 477 3438 sex
498 3374 615 3439 mittas.
646 3409 686 3419 -
724 3381 813 3438 1140.
848 3379 892 3437 De
921 3385 1052 3437 extremo
1079 3376 1188 3435 fabula
1218 3396 1306 3436 versu

185 3498 212 3538 r.
236 3479 354 3555 Proleg.
377 3501 406 3557 p.
434 3482 502 3539 173.
