2976 5018
246 305 305 364 158
748 299 854 354 Geeiue.

241 513 270 568 p.
296 495 346 552 80.
370 523 411 532 —
441 495 512 552 693.
540 490 635 568 potin
663 488 773 561 abaco,
809 493 845 550 ci.
867 493 905 550 ed
928 491 1009 550 Pers.
1035 493 1106 550 296.
1141 519 1182 532 -
1218 493 1289 550 694.
1323 490 1374 550 eet

241 587 332 652 homo
360 596 396 652 Δ.
446 595 519 653 Post
545 596 607 654 hsce
635 595 804 672 Gepprrtus
834 597 862 652 iu
894 597 918 651 A
949 595 1083 652 lecunem
1112 593 1169 651 sibi
1198 595 1372 670 perspicere

241 697 321 754 visus
354 703 415 770 eet,
448 699 499 756 vix
520 703 610 756 recte.
640 727 680 737 -
711 699 783 756 695.
806 712 917 756 seruos
940 695 1035 774 Gepp.
1065 725 1107 736 --
1135 690 1249 773 Atque,
1280 715 1306 752 r.
1331 695 1373 753 ed

241 797 322 857 Pers.
348 800 419 857 826.
445 830 482 839 -
508 801 580 858 696.
612 793 781 872 Memento
817 821 876 878 que
898 799 1072 858 condicione
1106 799 1161 856 hoc
1196 798 1267 856 mihi
1297 818 1370 874 pro·

242 903 367 974 miseris,
390 921 417 960 v.
442 903 515 960 453.
549 932 589 942 -
624 904 695 961 697.
731 903 761 961 te
783 903 851 962 edd.
875 903 962 960 Both.
997 932 1039 941 —
1074 903 1145 958 698.
1184 893 1373 976 Olympttce,

241 1003 345 1062 Grrece
367 1005 544 1062 deminutivi
566 1005 661 1064 forme
683 1009 782 1062 exstet
803 1006 834 1063 in
855 1005 887 1064 B.
933 1003 1110 1062 Blandiendi
1134 1023 1223 1062 cause
1244 1005 1374 1079 ponitur

240 1114 275 1165 ut
296 1106 509 1184 Lampadiscus
532 1105 603 1166 Cist.
629 1107 699 1180 399,
723 1107 898 1166 Veraniolus
920 1105 1018 1166 Getul.
1045 1107 1093 1178 12,
1120 1106 1168 1178 17,
1192 1107 1245 1181 qui
1274 1126 1303 1164 v.
1329 1109 1372 1164 lo

241 1215 287 1267 est
319 1207 479 1279 Veranius,
512 1208 664 1282 Ἰσμήνιχος
692 1210 846 1287 Aristoph.
878 1209 952 1268 Ach.
977 1209 1053 1276 954,
1091 1209 1144 1284 qui
1171 1227 1198 1265 v.
1230 1209 1289 1266 861
1324 1215 1373 1264 est

240 1312 391 1386 Ἰσμηνίας,
425 1311 578 1384 Ἀμύντιχος
605 1311 729 1370 Theocr.
755 1314 784 1384 7,
811 1313 881 1380 132,
911 1313 960 1388 qui
983 1331 1012 1370 v.
1036 1313 1054 1369 2
1087 1319 1133 1370 est
1154 1313 1292 1384 Ἀμύντας.
1327 1340 1374 1349 -

243 1417 314 1474 699.
338 1410 432 1488 opert
451 1427 543 1472 cerm
565 1413 599 1471 Δ.
625 1444 665 1454 -
695 1416 767 1474 700.
797 1409 889 1472 modo
911 1409 957 1484 ei,
992 1413 1027 1472 ci.
1053 1415 1125 1473 701.
1166 1412 1372 1472 Trin.1187.

242 1517 327 1596 Cept.
346 1519 405 1575 991
431 1535 496 1573 curn
514 1536 581 1574 enn.
602 1546 644 1555 -
661 1519 734 1575 701.
753 1531 888 1592 propere
910 1537 975 1575 cem
999 1515 1246 1574 antecedentibus
1269 1517 1372 1586 iunxi;

241 1637 376 1698 persone·
399 1626 470 1677 note
491 1639 509 1676 e
531 1617 617 1678 codd.
631 1619 724 1677 abest.
770 1619 880 1677 Hister
903 1625 934 1678 et
955 1613 1106 1697 postcito
1129 1623 1161 1676 et
1182 1623 1253 1694 post
1273 1614 1371 1677 intre.

242 1721 292 1802 Sp.
329 1717 525 1799 „properete“
562 1722 683 1799 scripsit
716 1741 753 1780 ex
779 1722 814 1779 A.
849 1753 892 1763 —
928 1722 1019 1780 Initio
1051 1726 1195 1798 quattuor
1229 1740 1370 1780 versuum

244 1825 412 1883 eor—704
436 1824 463 1880 Δ
485 1825 630 1893 serverin
664 1823 694 1880 in
718 1823 742 1882 Β
764 1823 877 1883 lecunae
899 1823 1077 1882 indicentur.
1101 1853 1142 1863 -
1172 1825 1243 1881 702.
1268 1823 1370 1898 Olym-

242 1927 338 2004 pionis
361 1932 406 1984 est
428 1923 570 1982 mandate
592 1943 647 1983 sue
669 1927 878 1986 continueritis.
924 1941 992 1986 eam
1014 1946 1116 1985 versus
1138 1945 1227 1984 muse
1250 1925 1370 1996 eddidi;

241 2030 293 2088 sed
316 2028 382 2086 fieri
404 2031 513 2105 potest,
542 2033 576 2084 ut
601 2026 692 2100 ,fece
721 2024 812 2086 cene“
837 2029 1027 2088 scribendum
1050 2030 1098 2087 sit.
1129 2057 1170 2066 -
1198 2021 1296 2100 ebria,
1330 2028 1371 2085 ci.

241 2131 328 2209 Cept.
356 2133 431 2189 109:
470 2131 648 2202 „saturitate
676 2128 806 2188 ebrius“.
836 2161 877 2171 -
907 2133 979 2190 703.
1002 2130 1061 2190 Pro
1082 2125 1148 2190 ritu
1170 2131 1201 2188 in
1218 2129 1245 2186 A
1263 2129 1371 2189 Stude·

242 2235 369 2294 mundus
400 2229 529 2307 „bliteo“
565 2230 623 2290 sibi
656 2233 756 2310 legere
789 2231 957 2300 ridebatur,
992 2233 1045 2292 sed
1073 2238 1107 2291 ut
1129 2233 1149 2306 l,
1172 2234 1191 2304 i,
1215 2253 1231 2290 e
1254 2234 1372 2292 incerte

243 2343 351 2396 esseut.
404 2335 512 2394 Exstet
534 2334 597 2392 hoec
625 2353 683 2392 vox
708 2334 828 2394 Trucul.
860 2335 936 2407 844,
970 2335 1022 2394 sed
1055 2355 1109 2394 nec
1142 2334 1199 2393 hoc
1226 2355 1280 2393 nec
1309 2335 1371 2392 elio

243 2439 391 2497 ediectivo
419 2438 469 2495 hic
495 2455 567 2495 usus
596 2443 655 2508 est,
685 2455 777 2512 quere
804 2440 957 2513 antiquam
980 2439 1159 2514 scripturum
1183 2438 1303 2514 reliqui.
1328 2467 1371 2476 —

245 2543 316 2599 704.
351 2533 489 2599 Sicco?
521 2539 660 2615 Olympio
683 2539 819 2612 miretur,
850 2538 932 2614 qued
967 2539 1056 2597 herus
1089 2559 1148 2598 nou
1180 2539 1372 2617 ingredietur

244 2643 363 2702 domum
386 2658 484 2716 euam;
517 2641 543 2698 is
570 2659 640 2699 vcro
663 2641 777 2700 Cesiuse
799 2641 930 2717 gledium
952 2643 1069 2711 timens,
1093 2663 1124 2701 se
1146 2643 1257 2702 morari
1280 2642 1372 2701 melle

243 2745 332 2819 dicit,
365 2737 385 2801 1
417 2741 450 2803 ru
480 2740 544 2801 iam
572 2738 620 2800 sis
640 2744 676 2800 A.
732 2737 784 2802 hic
812 2735 916 2804 tubiro
944 2751 989 2802 ert
1017 2743 1065 2802 hic
1094 2764 1208 2802 meneo.
1238 2775 1281 2786 -
1310 2745 1371 2803 Ex·

243 2854 341 2906 treme
368 2866 470 2906 versus
501 2847 530 2904 in
553 2843 688 2904 codicum
713 2845 916 2904 Peletinorum
945 2847 1107 2924 erchetypo
1137 2848 1188 2905 vix
1210 2847 1373 2924 conspicue

243 2952 344 3009 omisit
366 2948 399 3021 B,
422 2950 474 3026 qni
497 2949 588 3006 etiem
610 2949 641 3006 in
663 2947 813 3026 principio
835 2950 964 3026 proximi
987 2950 1123 3008 lacunam
1145 2949 1275 3021 indicet,
1305 2949 1371 3006 edi-

243 3059 323 3108 tores
342 3052 403 3109 iere
419 3071 454 3110 ee
470 3053 667 3124 retinuerunt,
690 3069 757 3125 quie
780 3051 811 3109 in
829 3051 843 3108 1
861 3051 1001 3129 supplete
1017 3057 1103 3124 eunt,
1123 3045 1249 3127 placitos
1267 3057 1371 3110 eutem

243 3153 390 3230 principio
412 3155 541 3228 proximi
567 3173 669 3211 versus
692 3152 888 3226 addideram
919 3171 990 3230 ego,
1014 3155 1155 3230 quoniem
1177 3153 1265 3211 huius
1288 3155 1371 3214 vocis

243 3254 310 3312 dure
343 3256 446 3332 primae
473 3256 583 3314 littere
612 3257 643 3313 in
673 3255 701 3312 A
728 3261 846 3314 exstare
869 3255 1019 3328 dicuntur,
1049 3255 1138 3313 eliter
1167 3255 1370 3334 supplendum

244 3358 324 3416 duxi.
349 3387 390 3397 -·
419 3357 490 3416 705.
518 3358 594 3416 Hinc
617 3356 693 3415 illud
713 3357 863 3433 perspicio
891 3377 1028 3418 versuum
1051 3377 1158 3434 genus,
1192 3358 1273 3432 qued
1302 3357 1371 3416 Rei·

243 3459 361 3518 cieuum
383 3465 543 3531 recerunt,
566 3479 594 3518 r.
618 3460 735 3534 Proleg.
758 3479 788 3537 p.
817 3460 886 3532 191,
908 3457 1046 3538 Spengel.
1069 3459 1372 3538 Reiormvorschlrige

244 3582 273 3639 p.
299 3562 360 3619 294
382 3580 463 3638 sqq.,
494 3563 544 3638 qui
566 3563 764 3638 posteriorem
788 3581 891 3622 vorsus
913 3568 1030 3639 pertem
1052 3564 1264 3640 euepresticsnr
1288 3563 1369 3621 fecit.

244 3691 287 3703 -
310 3657 379 3739 qui,
410 3663 446 3721 ei.
472 3665 542 3723 51⁷.
572 3692 613 3703 —
645 3659 806 3724 interimat
829 3666 866 3722 A.
895 3695 937 3705 -
967 3669 1037 3724 706.
1073 3659 1145 3726 Scio
1168 3666 1292 3722 ironice.
1329 3694 1370 3704 -

243 3758 345 3824 males
375 3779 504 3838 recreet,
540 3766 575 3825 cf.
603 3768 675 3825 210.
705 3795 748 3806 -
782 3769 852 3826 799.
883 3773 1001 3825 constet
1034 3789 1071 3826 ex
1104 3769 1200 3826 altere
1233 3768 1370 3826 Reicieni

244 3887 346 3926 verses
368 3874 454 3945 parts
477 3866 523 3926 bie
545 3869 684 3945 repetite.
714 3899 756 3908 -
785 3870 855 3926 710.
885 3864 989 3928 iadd.
1014 3869 1192 3950 Geppertns.
1224 3899 1262 3908 -
1292 3868 1370 3926 Ten-

245 3969 313 4028 dem
336 3975 461 4047 uterque
483 3971 562 4029 victo
584 3974 694 4030 timore
716 3971 793 4030 eides
816 3973 941 4030 intrent.
