2970 5006
249 373 309 434 332
719 369 896 426 Mostellaria.

240 559 356 640 pedem
377 559 473 624 laium
496 565 679 623 accusativus
701 585 845 624 mensures
868 571 929 639 est;
953 581 1002 626 me
1017 565 1180 638 obiectnm3
1204 566 1368 624 subiectum

249 668 413 740 omittitur,
449 667 485 726 cf.
510 668 581 728 412.
604 697 647 708 --
676 669 747 728 425.
781 665 860 728 nutes
882 670 928 728 ed.
952 690 998 748 pr.
1022 665 1199 746 inportare,
1233 689 1261 726 v.
1289 667 1373 726 Naue

248 769 396 828 Formenl.
424 769 453 826 II
481 789 510 846 p.
534 770 605 828 491.
638 801 682 812 -
714 767 798 832 haud
824 785 918 831 causa
948 772 1007 845 est,
1042 793 1069 832 v.
1100 771 1138 830 ad
1167 771 1276 847 Amph.
1301 771 1371 828 845.
1469 827 1470 852 l

247 869 315 930 Non
333 872 484 944 causabor,
502 874 607 950 inquit,
630 894 690 951 quo
708 875 803 932 minus
820 875 860 948 id,
883 875 962 952 qnod
978 876 1077 934 facere
1095 875 1226 934 soluisse
1244 874 1373 945 videtur,
1469 915 1470 936 i

249 979 284 1032 nt
306 995 352 1034 mc
374 973 512 1033 fluctibns
535 977 657 1050 obruet,
687 978 756 1036 ilico
783 979 882 1036 iaciat.
930 977 1092 1038 Deforme
1118 974 1211 1050 „hau“
1239 977 1276 1037 ci.
1303 979 1375 1035 386.
1469 949 1470 1008 1

249 1077 328 1135 Ante
351 1077 407 1136 hoc
428 1097 455 1136 v.
473 1079 571 1138 hiatus
590 1081 620 1138 in
637 1099 756 1152 cessura,
780 1099 872 1156 quare
891 1081 1038 1140 Scriverio
1057 1079 1132 1139 duco
1148 1079 1274 1152 Bloch„
1287 1085 1375 1138 eett.:
1469 1125 1470 1130 .

253 1179 330 1252 „hau
353 1187 480 1252 occisast,
503 1177 604 1240 ilico⁴‘.
650 1181 708 1240 Sed
731 1183 783 1242 ille
804 1184 963 1242 verborum
985 1183 1058 1243 ordo
1076 1202 1201 1260 prorsus
1219 1182 1376 1242 Plautinus
1469 1233 1470 1236 ,

250 1287 313 1354 est,
344 1301 371 1340 v.
396 1281 433 1339 ad
454 1283 537 1342 Asin.
564 1285 634 1344 230.
680 1284 765 1363 Cnpt.
796 1288 867 1346 485.
913 1287 949 1344 ei.
973 1287 1051 1344 Men.
1076 1287 1153 1345 tis:
1181 1287 1281 1360 „Quae
1305 1303 1377 1343 con·

250 1385 331 1457 misi,
365 1389 400 1443 ut
433 1405 479 1444 me
508 1385 665 1460 defrudes,
699 1388 737 1447 ad
765 1407 829 1446 eam
858 1409 919 1446 rem
949 1389 1078 1448 adfectas
1111 1383 1224 1447 uiam“.
1280 1387 1374 1446 Mero.

252 1487 301 1546 36.
331 1489 401 1546 732.
433 1490 504 1548 996.
566 1489 634 1548 Ter.
658 1490 734 1550 Eun.
759 1493 818 1550 263
843 1511 902 1569 sq.:
942 1490 989 1564 „si
1018 1492 1098 1568 potia
1127 1495 1189 1562 cst,
1221 1493 1376 1568 tamquam

250 1589 493 1668 philosophorum
526 1593 638 1652 habent
666 1593 841 1670 disciplinae
875 1613 911 1652 ex
944 1593 1017 1670 ipsis
1046 1593 1213 1665 Vocabula,
1247 1593 1376 1670 parasiti

250 1695 322 1752 item
349 1700 385 1752 ut
412 1693 590 1754 Gnathonici
617 1693 792 1755 vocentur“.
815 1725 857 1735 -
885 1695 956 1755 428.
991 1695 1071 1754 Nihil
1100 1695 1238 1774 amplius,
1268 1697 1375 1772 iuquit,

250 1798 305 1856 tibi
329 1797 455 1856 credam.
480 1827 517 1840 -
543 1799 614 1858 429.
639 1795 776 1876 turpiter,
801 1799 836 1858 ci.
860 1798 948 1874 Epid.
973 1799 1044 1857 484.
1090 1799 1210 1856 Lachm.
1231 1799 1270 1857 ad
1286 1797 1374 1856 Lucr.

251 1922 281 1979 p.
306 1901 377 1962 283.
399 1929 442 1938 -
469 1901 541 1960 431.
571 1897 726 1980 AeqyptO,
762 1922 798 1960 ex
820 1901 968 1980 AEgypto‚
1003 1922 1030 1960 v.
1055 1901 1093 1959 ad
1116 1903 1202 1960 Cure.
1227 1903 1299 1960 206.
1345 1900 1377 1958 Si
1470 1879 1471 1898 ¹

252 2004 313 2062 haec
343 2003 445 2062 fabula
473 2005 595 2081 proprie
623 2005 781 2063 Menandri
808 2005 881 2078 tuit,
915 2006 971 2063 huc
1002 2005 1106 2062 referri
1133 2006 1234 2081 potuit
1268 2004 1374 2078 irsgm.

251 2107 353 2164 insert.
379 2107 455 2164 293:
489 2109 565 2182 Πρὸς
592 2111 649 2173 ταῖς
676 2109 791 2182 ἐμαυτοῦ
818 2109 865 2165 νῦν
893 2109 993 2184 θύραις
1022 2107 1108 2178 ἕστηκ’
1138 2110 1198 2184 ἐγώ
1231 2135 1273 2148 -—
1302 2108 1373 2164 432.

252 2208 458 2282 exspectatus,
482 2210 517 2268 oi.
541 2211 650 2288 Amph.
675 2212 745 2268 651.
770 2211 840 2270 672.

338 2311 410 2368 435.
432 2307 598 2385 interdius,
623 2333 650 2371 v.
673 2314 712 2373 ad
733 2314 815 2372 Asin.
831 2315 900 2372 592.
945 2307 1109 2384 occlusum,
1133 2314 1239 2372 salim
1262 2313 1375 2372 extrin-

251 2433 350 2486 secus,
384 2415 503 2474 ienuam
531 2435 595 2474 esse
629 2435 734 2494 parum
768 2415 961 2476 conveniebat
991 2417 1098 2476 diurno
1131 2423 1283 2494 tempore,
1318 2435 1375 2492 qno

252 2517 440 2576 ventitabant
467 2517 598 2578 hominos
626 2524 656 2578 et
682 2519 870 2596 pulsantibus
897 2521 1006 2578 ianitor
1033 2521 1112 2579 intus
1135 2521 1304 2596 aperiebat,
1338 2519 1373 2577 ci.

253 2620 360 2698 Amph.
387 2620 477 2680 1011.
503 2651 543 2664 -
565 2623 637 2682 436.
666 2617 743 2682 ruiti
765 2642 820 2682 em.
844 2621 923 2682 Cam.
947 2651 989 2662 -
1017 2623 1088 2681 439.
1119 2614 1249 2682 Saluum
1271 2622 1301 2681 ie
1323 2617 1374 2680 od·

171 2737 195 2752 ”’
253 2721 380 2784 occisae
411 2721 546 2802 91101110,
581 2727 671 2784 solite
702 2724 889 2784 advenientis
921 2725 1078 2799 allocutio,
1112 2724 1150 2784 cf.
1179 2727 1251 2785 790.
1285 2727 1372 2784 1109.
1471 2771 1472 2798 .

253 2826 321 2886 Ter.
344 2827 463 2886 Phorm.
488 2829 559 2886 255.
583 2829 621 2888 al.
647 2859 687 2868 --
710 2828 781 2886 440.
817 2821 942 2904 Usqut'tt
964 2821 1099 2888 uoluisti
1120 2820 1248 2903 (Bitsch.
1268 2827 1372 2905 Opusc.
1471 2823 1472 2850 ³

254 2931 283 2988 II
305 2950 334 3007 p.
353 2924 438 3007 557),
463 2951 489 2990 v.
508 2930 546 2990 ad
569 2931 654 2991 Cure.
674 2933 723 2990 16.
745 2961 788 2970 -
810 2933 882 2990 441.
908 2924 974 3004 &⁶3
997 2930 1128 2989 editores
1150 2931 1287 3010 plerique
1309 2937 1375 3006 post

254 3033 309 3092 hoc
331 3054 395 3093 voc.
415 3035 639 3112 intmpnngnnt,
663 3041 694 3092 et
711 3033 780 3092 Lor.
800 3035 884 3111 quasi
905 3033 970 3106 „Sic
989 3030 1073 3093 dico“
1093 3034 1244 3110 intelligit.
1284 3033 1373 3090 Immo

255 3133 303 3195 sic·
323 3132 405 3213 soris
427 3137 623 3215 iungendum
645 3139 697 3212 sic,
721 3140 741 3196 i.
754 3142 827 3194 eut
848 3135 954 3208 facitis,
977 3141 1012 3194 ut
1029 3136 1132 3208 vido03
1155 3138 1374 3216 perspicuitatis

256 3259 345 3300 causa
367 3239 488 3299 additur
513 3237 636 3314 „loris“.
658 3267 700 3278 —
730 3240 801 3297 442.
832 3239 929 3298 uatus
952 3254 1055 3311 nemu,
1084 3238 1120 3297 cf.
1145 3240 1216 3298 394.
1242 3268 1279 3278 -
1306 3239 1372 3296 443.

257 3335 385 3417 Serani,
410 3364 436 3402 v.
461 3343 499 3402 ad
521 3342 588 3401 Aul.
613 3343 663 3401 81.
715 3339 774 3399 Sed
796 3345 934 3417 proxima
955 3347 1097 3419 corrupta
1119 3348 1198 3400 sunt.
1254 3340 1309 3400 Ed.
1332 3361 1372 3417 pr.

261 3467 373 3522 „neque
391 3448 441 3524 qni
457 3441 667 3524 respondeat“,
691 3443 779 3503 Both.
796 3464 910 3521 „neque
928 3439 1138 3520 respondesi“‚
1163 3445 1247 3522 quod
1267 3444 1375 3520 recepit

255 3550 380 3624 nitran,
411 3550 464 3608 sed
486 3553 551 3609 inre
575 3549 693 3609 defendi
715 3566 803 3623 posse
826 3553 923 3623 negat,
954 3552 1045 3624 atque
1067 3545 1128 3606 haeo
1150 3547 1289 3626 exempla
1308 3565 1374 3624 pro·

257 3655 357 3732 ponit:
395 3651 534 3727 „Seruat,
565 3671 661 3730 neque
690 3652 742 3727 qui
771 3649 951 3726 respondeat
973 3669 1070 3727 neque
1093 3651 1144 3726 qui
1168 3645 1303 3726 aperiet“
1329 3653 1375 3706 ant

260 3757 394 3830 „flerunt
418 3777 497 3816 nunc
519 3756 569 3834 qui
593 3753 727 3814 recludat
749 3757 802 3810 aut
820 3749 1030 3830 respondeat“.
1075 3751 1207 3822 Quorum
1230 3753 1376 3829 posterius
1406 3827 1414 3846 ι

172 3889 175 3896 ·
257 3868 339 3920 recte
361 3859 481 3932 dicitur,
504 3861 588 3938 prius
612 3863 643 3916 et
659 3861 758 3934 ipsum
774 3857 915 3914 vitiosum
933 3859 986 3912 est.
1031 3853 1157 3914 Videtur
1174 3855 1267 3913 fuisse
1283 3869 1376 3930 neqtte

258 3965 304 4024 esi
327 3961 390 4040 qui,
413 3961 493 4039 quod
515 3981 571 4040 pro
593 3963 744 4038 anapesto
767 3957 925 4032 legendum
948 3962 1001 4029 est,
1025 3977 1053 4016 v.
1071 3955 1187 4032 Proleg.
1205 3977 1235 4035 p.
1256 3959 1375 4016 201.—

259 4068 331 4125 444.
365 4063 477 4125 Ritsch.
508 4083 572 4122 cum
601 4061 712 4120 Bothio
749 4057 911 4137 „pedibus“
949 4062 1049 4118 omisit
1081 4058 1257 4136 addiditque
1289 4054 1374 4136 [0113.

259 4169 340 4245 quod
362 4187 416 4227 nec
438 4167 525 4226 facile
549 4163 671 4224 auditur
694 4167 724 4220 et
747 4164 858 4222 exitum
880 4164 980 4222 versui
1003 4160 1104 4221 reddit
1133 4161 1313 4238 legitimum,
1342 4161 1374 4219 ci.

259 4269 343 4347 Capt.
368 4271 443 4330 825:
481 4269 621 4347 „Aperite
644 4267 731 4326 hasce
752 4264 854 4323 ambas
876 4261 980 4322 ioris“.
1032 4263 1158 4322 Prorsus
1186 4262 1375 4343 improbanda
