3030 5050
233 1591 341 1706 Quum
370 1641 478 1702 abhinc
506 1661 599 1701 annos
628 1660 723 1720 prope
752 1649 820 1700 octo
850 1643 975 1702 alteram
1003 1643 1091 1700 huius
1114 1643 1274 1701 voluminis

137 1753 262 1823 partem
292 1743 388 1814 edidi,
423 1764 476 1802 cur
502 1745 635 1822 priorem
666 1747 839 1817 retinerem,
874 1765 993 1804 causam
1023 1746 1108 1804 attuli
1139 1745 1274 1804 omnibus

139 1848 397 1926 acceptissimam,
431 1845 630 1904 Studemundi
657 1846 833 1904 Cistellaria
866 1847 1029 1906 editionem
1045 1829 1143 1906 ¹brevi
1172 1846 1274 1924 prodi-

138 1959 243 2010 turam
267 1969 341 2022 asse,
372 1950 528 2024 virumque
551 1948 753 2008 doctissimum
777 1949 850 2008 mibi
873 1951 1011 2020 suasisse,
1034 1968 1070 2008 ne
1094 1955 1163 2006 ante
1186 1967 1273 2024 qnam

131 2074 210 2120 ,eam
240 2052 396 2122 vidissem,
431 2050 561 2108 fabulam
589 2055 757 2127 temporum
792 2053 902 2110 iniuria
936 2056 996 2110 tarn
1032 2052 1108 2110 male
1141 2051 1273 2110 habitam

139 2143 275 2215 ederem.
332 2155 425 2225 Quem
449 2153 609 2210 editionem
639 2151 735 2211 adbuc
758 2174 817 2211 non
840 2171 896 2228 ega
919 2155 1026 2230 magis,
1061 2173 1148 2229 quarn
1173 2173 1276 2212 omues

139 2259 251 2316 barum
274 2257 443 2314 litterarum
466 2253 592 2313 studiosi
616 2254 724 2330 cupide
748 2261 963 2332 exspectamus,
988 2275 1040 2313 uec
1063 2254 1169 2313 dubito
1192 2256 1275 2330 quin,

140 2360 198 2417 ubi
222 2379 257 2415 ea
279 2359 471 2435 apparuerit,
504 2357 640 2414 futurum
663 2357 703 2414 sit
725 2361 759 2414 ut
782 2377 860 2428 mea,
895 2358 1031 2432 quamvis
1053 2359 1170 2433 priores
1192 2363 1276 2416 aute-

139 2462 248 2532 cedat,
282 2465 382 2518 tamen
411 2459 507 2517 multo
535 2460 658 2517 inferior
686 2459 824 2516 videatur
851 2478 900 2532 eo,
935 2459 1015 2535 quod
1037 2458 1126 2518 hodie
1149 2479 1182 2516 re
1204 2479 1276 2517 vera

138 2563 224 2622 effici
246 2564 361 2638 poesit3
395 2581 462 2620 nam
485 2561 672 2638 palimpsesti
695 2560 827 2632 schedas,
852 2581 927 2637 quas
950 2567 1018 2618 ante
1042 2562 1158 2637 aliquot
1180 2581 1274 2620 annos

139 2667 318 2725 examinare
347 2665 531 2738 inceperam,
565 2669 626 2720 tam
654 2663 826 2722 valetudine
855 2683 943 2740 quam
970 2664 1098 2740 negotiis
1121 2663 1275 2722 districtus

140 2769 316 2844 relinquere
355 2772 474 2824 coactus
513 2784 593 2838 sum,
632 2785 686 2822 nec
721 2767 833 2824 invitus
872 2767 1094 2842 relinquebam,
1134 2769 1273 2841 quoniam

118 2859 345 2930 'studemuudi
369 2870 470 2946 copias
493 2873 612 2926 exstare
634 2869 777 2944 brevique
800 2868 911 2945 publici
936 2865 1009 2926 iuris
1031 2867 1095 2924 fore
1120 2868 1273 2944 putabam.

140 2973 206 3032 Sed
227 2972 374 3030 absolutis
400 2973 508 3029 ceteris
537 2990 609 3028 mem
637 2971 778 3028 editionis
807 2971 945 3047 pertibus
974 2989 1065 3048 quum
1093 2990 1146 3028 nec
1168 2971 1274 3029 biblio·

140 3077 216 3154 pola
238 3075 434 3133 amicissimus
463 3093 539 3151 opus
567 3073 772 3148 imperfectum
801 3092 920 3132 manere
943 3077 1105 3149 pateretur,
1135 3093 1189 3132 neo
1210 3074 1275 3151 ipse

141 3183 235 3236 aetate
257 3179 316 3234 iam
339 3181 482 3252 provecta
504 3174 617 3234 diutius
641 3179 750 3234 morari
774 3175 924 3248 auderem,
953 3195 1028 3246 mea,
1058 3177 1274 3252 qualiacunque

145 3285 230 3350 aunt,
253 3279 344 3338 edidi.
598 3271 601 3277 ’

231 3381 266 3439 In
287 3379 343 3440 bac
366 3385 464 3438 antem
487 3385 575 3460 parte
598 3385 720 3438 eotenus
743 3381 780 3439 ab
803 3399 838 3437 eo
861 3381 995 3452 consilio,
1019 3381 1101 3457 quod
1119 3382 1150 3438 in
1169 3383 1275 3440 asteris

143 3488 265 3543 secutus
286 3502 367 3556 snm,
396 3483 559 3556 declinari,
594 3483 674 3560 quod
702 3484 793 3560 paulo
820 3484 990 3542 uberiorem
1023 3484 1110 3540 attuli
1140 3483 1274 3542 codicum

143 3588 329 3646 varietatem.
376 3585 451 3644 Nam
475 3605 567 3662 quum
589 3583 646 3642 hoc
670 3585 740 3642 mihi
763 3584 801 3644 ab
823 3587 909 3644 initio
931 3588 1161 3664 proposuissem,
1185 3591 1220 3644 nt
1237 3586 1275 3644 ab

144 3686 303 3746 inutilibus
326 3686 463 3746 omnibus
486 3687 683 3760 abstinerem,
717 3707 754 3747 ne
784 3688 934 3764 farragine
964 3691 1113 3747 variarum
1146 3690 1274 3764 scriptu·

144 3810 245 3852 rarum
269 3791 431 3864 legentium
453 3791 543 3848 enimi
566 3789 763 3848 turbarentur
789 3797 820 3848 et
847 3790 1062 3866 fatigarentur,
1097 3790 1225 3868 ideoque
1246 3794 1276 3849 in

144 3892 297 3972 prioribus
319 3893 420 3950 Plauti
448 3892 557 3950 fabulis
586 3894 673 3950 unius
705 3892 814 3950 codicis
837 3891 1127 3951 Palatino-Vaticani
1150 3889 1201 3968 (B)
1226 3914 1275 3951 ra-

145 3997 282 4052 rietstem
306 3995 487 4065 attulissem,
517 3996 657 4070 quoniam
679 4001 785 4072 postea
807 3996 929 4054 invento
952 3993 1025 4052 XIII
1048 3995 1148 4052 saculi
1173 3996 1276 4053 codice

145 4097 344 4156 Ambrosieno
362 4097 376 4154 I
395 4097 456 4155 257
481 4116 588 4155 norum
612 4096 778 4156 subsidium
802 4099 961 4156 secessisse
985 4097 1151 4170 videbatur,
1176 4099 1224 4156 bio
1246 4105 1277 4154 et

145 4201 235 4258 buius
257 4193 309 4274 (Ε)
332 4205 363 4256 et
385 4199 552 4257 Britannici
581 4199 690 4257 oodiois
713 4195 753 4274 (l)
782 4201 959 4258 varietatem
995 4199 1097 4270 attuli,
1127 4219 1187 4257 non
1216 4219 1275 4275 quo

148 4302 271 4360 multum
294 4302 349 4361 hac
372 4321 404 4358 re
426 4301 595 4378 proiectum
624 4302 792 4373 crederem,
822 4301 873 4360 sed
903 4321 963 4377 quo
987 4302 1080 4377 magis
1103 4305 1275 4376 appareret,
