2976 5018
286 353 348 412 144
799 344 908 400 essina

284 541 473 601 addiderunt.
489 567 527 578 -
543 539 613 598 358.
636 529 762 613 Aerope,
786 537 942 598 Chalinum
963 540 1136 616 alloquitur.
1151 569 1189 580 -
1213 543 1283 601 339.
1305 535 1396 612 sortia,

283 643 362 702 hunc
396 642 613 700 nominativum
643 640 816 701 Priscianus
846 641 903 700 VII
930 663 959 717 p.
985 644 1044 701 751
1076 647 1205 702 testatur
1238 643 1294 702 hoc
1323 662 1398 702 versu

283 746 416 804 laudato.
435 773 478 784 -
502 744 573 803 360.
597 735 719 802 Nulla.
735 738 869 802 ..modo
891 743 1067 803 Cleostratus
1091 751 1171 804 recte
1193 745 1302 805 tribuit
1321 745 1352 818 B,
1371 751 1399 802 ut

285 851 375 907 etiam
393 845 481 922 Scyll.
499 845 608 904 Philol.
620 845 721 904 XXIX
739 865 768 923 p.
789 847 860 906 388.
881 875 921 886 -
946 847 1018 905 361.
1045 840 1136 922 Quod
1156 847 1238 908 Cam.
1256 877 1297 888 -
1313 847 1400 922 Olym·

283 953 345 1027 pic,
369 951 453 1009 ouius
475 950 559 1025 prior
583 967 723 1006 numerus
747 950 855 1020 evenit,
886 955 997 1006 sortem
1020 951 1050 1006 in
1074 949 1205 1008 sitellam
1229 952 1401 1008 coniecturas

283 1052 322 1112 de
345 1071 426 1110 more
449 1051 523 1110 bene
545 1050 603 1108 sibi
625 1055 776 1128 precatur,
802 1050 854 1109 sed
877 1071 981 1128 preces
1003 1053 1198 1130 interrumpit
1215 1051 1402 1111 sdversarius.

287 1150 422 1230 „tuum“,
447 1153 528 1230 quod
548 1170 584 1211 ex
601 1152 708 1212 ultima
731 1153 848 1228 syllaba
867 1153 1071 1212 antecedentis
1087 1156 1170 1212 vocis
1188 1154 1264 1212 male
1286 1157 1404 1233 repetita

287 1263 387 1315 ortum
410 1261 464 1330 est,
488 1254 526 1314 ab
549 1255 717 1314 editoribus
741 1260 812 1315 ante
837 1255 999 1330 ,Magnum
1023 1251 1153 1315 malum“
1179 1257 1349 1334 ponebatur,
1374 1261 1405 1313 ut

284 1363 366 1417 totus
400 1375 504 1418 versus
532 1356 703 1434 Olympioni
737 1357 874 1435 daretur,
909 1359 1046 1434 quamvis
1072 1357 1142 1418 talis
1170 1377 1269 1419 sermo
1295 1361 1405 1418 minime

286 1460 412 1519 Latinus
435 1465 522 1519 esset.
551 1489 596 1500 -
624 1462 696 1520 363.
723 1474 815 1520 otone
842 1454 917 1519 dum
945 1459 1129 1536 Priscianus,
1163 1463 1217 1539 qui
1238 1463 1276 1535 11,
1298 1484 1327 1540 p.
1351 1463 1404 1521 590

285 1563 363 1622 huno
396 1582 514 1622 versum
548 1563 645 1622 affert.
712 1562 883 1640 Impudenti
916 1582 1003 1622 servo
1036 1582 1114 1622 nova
1146 1565 1244 1622 oritur
1276 1566 1403 1642 suspicio,

284 1685 322 1724 ne
344 1666 422 1724 forte
444 1685 510 1725 sors
532 1665 718 1743 Olympionis
740 1672 802 1724 tem
824 1665 900 1724 levis
922 1668 977 1740 sit,
1011 1669 1044 1724 ut
1071 1684 1156 1741 aquae
1186 1667 1303 1726 innatet
1323 1666 1404 1724 stab

286 1789 336 1840 eo,
371 1771 423 1845 qui
456 1773 552 1827 sortes
586 1767 708 1840 educat,
743 1769 863 1844 agnosci
897 1769 1003 1846 possit.
1078 1767 1243 1826 laevissima
1276 1768 1404 1827 arborum

285 1891 395 1948 genera
424 1870 552 1947 exempli
580 1888 670 1929 cansa
697 1888 831 1942 sumens,
865 1872 961 1928 vereri
990 1889 1022 1928 se
1050 1870 1094 1928 ait
1127 1890 1163 1928 ne
1190 1865 1332 1947 populna
1357 1866 1408 1928 cut

285 1967 419 2048 abieynu
440 1975 488 2031 sit.
545 1971 632 2043 Quod
655 1973 837 2049 interpretes
860 1971 977 2046 dicunt,
1009 1992 1151 2050 quer-nam
1177 1993 1243 2032 esse
1266 1972 1405 2044 debuisse,
1468 2023 1469 2026 ,

285 2094 393 2153 parum
421 2073 649 2133 considerarunt
682 2077 772 2132 etism
806 2093 947 2151 quercum
981 2093 1066 2152 aquas
1099 2077 1243 2136 innatare.
1298 2075 1406 2134 Praeue·
1468 2071 1469 2138 ἷ

286 2180 381 2236 stinas
409 2177 532 2254 quidem
562 2181 657 2235 sortes
687 2177 823 2236 novimus
851 2179 883 2234 in
911 2178 1019 2237 robore
1053 2178 1217 2254 insculptae
1250 2178 1340 2236 fuisse
1370 2177 1406 2249 (v.

286 2280 346 2338 Cic.
370 2279 470 2340 Dirin.
493 2279 536 2353 Il,
567 2282 624 2351 41,
656 2271 726 2353 85),
760 2278 814 2337 sed
843 2297 881 2336 ex
913 2298 993 2356 equa
1025 2279 1092 2338 tolli
1122 2279 1226 2340 solitas
1261 2299 1322 2339 esse
1352 2299 1406 2338 non

283 2383 430 2440 novimus.
476 2382 547 2452 Quae
571 2402 606 2440 ex
629 2381 728 2440 sitella
751 2399 836 2456 aqum
859 2382 950 2459 plena
972 2381 1188 2458 educebantur,
1221 2403 1258 2440 ax
1279 2384 1406 2460 graviora
1468 2387 1469 2472 Ι

284 2485 419 2555 materia,
443 2483 526 2542 velut
549 2503 584 2540 ex
608 2488 697 2556 testa,
720 2483 835 2543 fuerint
856 2503 976 2544 neeesse
999 2489 1053 2544 est.
1072 2513 1115 2526 -
1133 2487 1206 2545 365.
1230 2485 1407 2562 Principium

284 2604 390 2644 versus
414 2591 585 2663 corruptum
609 2589 663 2644 est.
709 2585 740 2644 Si
761 2581 862 2662 „Age“
884 2605 986 2645 verum
1010 2593 1063 2660 est,
1090 2584 1199 2660 ,caue“
1225 2589 1328 2648 falsum
1350 2593 1405 2657 est;

284 2688 516 2763 exspectabatur
540 2707 622 2762 „rem
644 2683 827 2747 ordiamur“.
872 2689 907 2746 In
930 2688 955 2747 B
977 2690 1075 2767 prima
1096 2689 1239 2748 litteraA
1256 2696 1359 2767 postea
1379 2691 1407 2746 in
1468 2751 1469 2788 ,

285 2789 311 2848 Ε
335 2795 447 2848 mutata
469 2795 522 2862 est,
546 2796 577 2848 ct
598 2789 787 2849 Camerarius
807 2785 929 2864 ,Euge“
949 2790 1053 2864 edidit,
1076 2797 1112 2850 ut
1133 2795 1258 2852 mutatis
1278 2793 1406 2870 personis
1468 2791 1469 2826 ³

285 2892 491 2952 antecedentia
518 2891 691 2970 Olympioni
724 2893 827 2966 derot3
861 2892 913 2952 sed
946 2913 1013 2952 cnm
1046 2895 1102 2954 hoo
1134 2913 1241 2972 parum
1275 2896 1405 2955 convenit

287 2991 414 3068 „caue“;
449 3015 542 3071 quare
564 2995 718 3056 Acidalius
750 2991 851 3070 ,cate“
882 2995 988 3056 voluit.
1044 2997 1136 3056 Immo
1165 2995 1341 3073 Lysidamns
1362 3015 1404 3055 ne·

285 3115 365 3155 cesae
395 3105 442 3158 est
470 3099 544 3158 hano
573 3099 772 3176 suspicionem
800 3099 873 3156 item
901 3104 936 3157 ut
965 3097 1091 3157 alteram
1119 3118 1146 3158 v.
1172 3101 1233 3160 369
1256 3100 1403 3176 respuerit
1468 3121 1469 3176 γ

284 3199 382 3270 Quare
404 3195 515 3278 Apaye
542 3205 665 3277 scripsi,
700 3203 747 3260 eui
782 3201 876 3260 minus
900 3198 1082 3261 confidenter
1109 3216 1130 3262 a
1157 3216 1208 3261 me
1236 3202 1347 3262 addidi.
1369 3225 1405 3242 -

282 3293 372 3360 autho
394 3302 480 3361 Both.
507 3333 544 3344 -
568 3299 686 3364 Eccere
708 3323 771 3363 rem
794 3305 903 3363 factam
926 3323 991 3362 esse
1014 3303 1169 3381 siguificat,
1193 3323 1221 3364 v.
1247 3306 1286 3365 ad
1302 3301 1402 3380 Amph.

285 3405 356 3463 550.
371 3432 412 3442 -
430 3406 501 3464 366.
526 3419 635 3480 aequa.
660 3409 738 3465 Ante
757 3425 847 3482 quam
867 3410 963 3466 sortes
981 3406 1141 3481 ducuntur,
1165 3407 1318 3484 aequande
1334 3407 1403 3474 sunt,

283 3528 311 3566 v.
335 3505 395 3566 Cic.
420 3505 535 3566 Cornel.
567 3502 687 3580 (Aaron.
716 3529 745 3586 p.
777 3507 867 3580 101):
904 3507 993 3582 „dum
1028 3509 1128 3569 sitella
1160 3509 1310 3584 defertur,
1343 3509 1403 3567 dum

283 3613 443 3685 aequantur
465 3613 571 3682 sortes,
601 3609 670 3669 dum
693 3613 813 3669 sortitio
836 3607 901 3670 fir.
958 3610 1089 3670 Divinat.
1113 3610 1137 3685 1,
1164 3612 1213 3686 18,
1238 3613 1292 3672 34:
1330 3627 1403 3686 „ora-

284 3709 364 3782 cula,
399 3730 458 3768 uon
488 3729 537 3784 ea,
573 3731 639 3787 qua
674 3717 799 3788 aquatis
833 3712 965 3772 sortibus
999 3709 1181 3773 ducuntnr“.
1242 3713 1404 3792 AEquantur

285 3817 399 3884 autem,
427 3817 463 3871 nt
491 3832 578 3891 aequa
600 3814 730 3872 omnium
753 3817 880 3874 sortium
903 3814 1038 3877 condicio
1061 3821 1092 3874 et
1113 3836 1181 3893 spes
1204 3817 1255 3874 sit.
1314 3816 1358 3877 Sic
1376 3811 1404 3868 in

280 3913 369 3974 Iliad.
392 3915 450 3988 ΙΙΙ,
480 3916 540 3975 316
571 3921 601 3973 et
624 3915 693 3988 VII,
730 3918 787 3976 181
813 3920 1024 3977 concutiuntur
1051 3923 1148 3978 sortes
1178 3920 1209 3976 iu
1232 3917 1332 3994 galea3
1362 3912 1402 3970 hit

283 4037 403 4093 quoque
436 4023 534 4078 sortes
567 4020 598 4077 in
629 4019 733 4078 sitella
767 4020 980 4079 concutiuntur
1015 4022 1079 4081 sive
1118 4020 1296 4093 turbantur,
1333 4010 1403 4094 quod

283 4137 387 4178 munus
410 4139 502 4180 senex
524 4121 610 4179 uxori
633 4119 734 4178 tradit.
767 4151 808 4162 -
842 4122 914 4180 367.
949 4115 1122 4197 denotabit,
1152 4122 1275 4182 devotas
1303 4117 1401 4184 reddit

282 4241 382 4282 sacras
404 4222 591 4296 disinteria,
616 4223 652 4282 cf.
676 4222 751 4282 Non.
775 4244 806 4301 p.
826 4225 876 4297 98,
900 4225 953 4302 qui
974 4243 1067 4301 prave
1091 4219 1274 4298 ,deuorare“
1299 4217 1401 4286 scribit
