2970 5006
534 277 565 308 Ἰ

563 378 591 430 v.
611 381 753 434 era-ass.
781 386 789 396 “
830 363 833 372 ’

231 575 306 634 Nam
327 576 371 633 ita
391 575 470 632 suasi
492 575 554 632 seni
577 579 666 652 atque
688 574 763 634 hanc
783 573 875 633 habui
896 577 1067 649 orationem,

232 678 342 737 Amore
364 683 395 736 te
417 678 622 736 meretriculae
644 679 743 755 perire
766 682 796 734 et
818 678 943 736 liberare

231 775 306 838 Eism
328 780 414 853 uelle,
437 781 469 836 ni
490 785 667 858 properaret
688 781 753 838 erim
775 780 831 837 sibi
854 784 919 857 ipse
939 782 1131 857 praestinare,

234 882 284 956 Ut,
310 903 398 959 quoru
421 881 556 955 redisses,
580 903 617 940 ne
638 883 695 942 tibi
717 885 779 940 eiua
802 886 888 962 copia
911 869 997 944 asset.
1076 917 1078 922 ·

104 987 177 1044 35⁷.
204 999 267 1060 pro
294 979 363 1060 fidia
385 983 536 1044 Acidaliae
564 1003 619 1043 em.
670 985 824 1062 Scriptura
852 983 960 1045 codicis
989 987 1012 1044 B
1044 1007 1116 1066 „pro
1145 982 1215 1048 illa“

102 1087 238 1148 secundae
271 1087 537 1159 manuidebetor,
578 1085 649 1164 quid
676 1088 760 1164 prius
787 1087 893 1160 fuerit,
930 1107 988 1147 uon
1017 1095 1154 1168 apparet,
1189 1090 1216 1149 I:

106 1185 232 1268 „palia“.
257 1221 298 1230 -
320 1186 397 1272 Iam.
411 1189 460 1249 Br.
484 1184 609 1248 addidit.
633 1219 675 1228 -
700 1187 888 1261 ,auctorem“
919 1192 991 1249 ferri
1018 1211 1077 1250 non
1105 1197 1219 1268 potest3
1259 1233 1266 1254 .

102 1299 209 1350 auctor
241 1296 318 1352 enim
350 1288 518 1352 venditoris
548 1297 608 1364 est,
642 1311 700 1350 nou
729 1295 886 1370 emptoris,
920 1313 947 1384 v:
971 1292 1009 1351 ad
1039 1293 1123 1353 Cure.
1147 1295 1219 1354 497.

21 1407 23 1412 ’
101 1395 278 1454 Rectissime
299 1395 457 1470 Angelius:
483 1393 638 1455 munem
658 1395 705 1455 vel
731 1392 928 1468 ,cauitorem“
941 1393 954 1469 ς’
970 1397 1042 1455 item
1060 1397 1218 1473 Kieasiing,

81 1498 182 1557 ‚Mus
206 1497 298 1557 Rhen.
321 1497 419 1556 XXIV
440 1518 469 1575 p.
496 1500 564 1558 120.
588 1527 630 1538 -·
659 1499 728 1556 358.
757 1497 828 1556 Post
850 1493 1038 1572 Apoecidem
1064 1499 1165 1558 hiatus
1188 1502 1219 1558 in

103 1601 231 1660 diaeresi.
255 1629 298 1640 —
326 1602 396 1660 359.
430 1600 465 1659 In
494 1605 636 1678 perrupta
657 1603 805 1678 scriptura
827 1603 941 1676 priores
965 1601 1031 1659 edd.
1054 1601 1218 1676 haeseraut;

102 1701 224 1761 Lama:
273 1707 377 1780 „quasi
404 1700 651 1780 quoi'emeret“;
697 1701 809 1782 Gepp.:
852 1706 957 1780 „quasi
989 1724 1077 1782 quom
1110 1702 1219 1765 emet“.

102 1804 207 1864 (ioetz.
232 1805 363 1864 demum:
398 1802 451 1884 qui
471 1805 552 1865 recia
575 1805 695 1878 caueai,
732 1806 877 1881 „exempli
899 1825 999 1880 eausa,
1034 1806 1101 1865 coll.
1126 1803 1218 1868 293“.

101 1907 184 1966 idem
217 1909 280 1985 ipse
314 1912 382 1966 ante
409 1909 510 1987 plures
538 1929 628 1968 annos
662 1911 845 1981 inveneram,
880 1929 933 1966 neo
967 1928 1001 1967 ea
1035 1928 1093 1967 nou
1126 1912 1219 1987 ipsine

101 2011 204 2068 Plauti
236 2009 325 2070 verbs
359 2011 439 2070 credi
473 2016 612 2089 possunt,
651 2012 675 2070 si
714 2009 866 2068 scribitur:
910 2007 1001 2086 quasi
1033 2009 1088 2087 qui
1121 2028 1139 2071 a
1173 2028 1221 2071 me

100 2114 185 2173 recte
214 2114 331 2172 cauerat.
391 2110 532 2190 Epidicus
571 2133 629 2172 uon
667 2115 820 2190 proprium
852 2112 1029 2191 Periphanis
1067 2115 1220 2174 consilium

102 2217 239 2294 exponit,
273 2207 325 2274 sed
347 2215 427 2292 quod
449 2218 513 2294 ipse
535 2218 561 2274 ei
583 2215 690 2274 tribuit
711 2217 853 2288 irridens;
884 2222 914 2274 et
935 2216 1096 2294 respondet
1120 2217 1220 2277 adule-

93 2325 204 2390 'scens,
235 2337 265 2376 se
287 2318 453 2396 intelligere
476 2339 575 2377 senam
596 2317 690 2395 probe
714 2323 831 2395 captum
854 2319 926 2378 e'ssa.
971 2318 1120 2378 Erraruut
1143 2322 1221 2380 enim
1318 2317 1321 2334 '

101 2421 235 2480 editores
267 2427 336 2496 post
363 2413 464 2480 Haud
494 2416 574 2481 male
604 2421 722 2498 Epidioi
756 2427 855 2480 notam
889 2419 1069 2496 inserentes,
1104 2443 1171 2499 quae
1203 2445 1221 2483 a
1310 2461 1313 2469 ·

102 2524 192 2584 codd.
221 2524 314 2582 abest.
379 2523 499 2601 Epidici
526 2524 617 2582 verba
636 2545 661 2597 ¹a
688 2525 822 2601 proximo
848 2543 936 2584 versu
964 2524 1127 2602 incipiunt,
1164 2528 1221 2584 nisi

101 2629 182 2686 forte
206 2625 307 2684 deleta
323 2625 528 2703 Stratippoclis
553 2631 633 2697 nota,
658 2645 744 2702 quam
768 2627 804 2684 ab
822 2625 837 2682 I
853 2625 964 2699 abesse,
993 2631 1027 2684 ut
1046 2630 1089 2685 eit
1108 2626 1220 2700 Gesta,

101 2749 165 2788 uon
189 2729 291 2800 credo,
323 2730 423 2787 omnia
445 2749 463 2786 a
485 2731 545 2788 357
569 2734 643 2788 extr.
669 2729 705 2786 ad
731 2729 788 2787 361
814 2729 907 2786 eidem
932 2729 1104 2788 continuere
1125 2731 1219 2788 melis.

100 2863 146 2890 -.-
173 2833 243 2890 360.
267 2825 440 2890 arsenicum
462 2825 635 2904 collocarit,
658 2831 694 2890 cf.
712 2830 792 2890 Asin.
808 2832 878 2890 650.
897 2856 939 2871 —-
958 2830 1027 2890 acl.
1052 2829 1222 2902 adueniens

102 2935 186 2993 Cam.
210 2953 264 2992 em.
287 2963 329 2974 -
352 2927 456 3005 domi,
469 2935 494 2990 si
516 2952 618 2992 verum
640 2939 699 3007 est,
724 2953 789 2992 cum
812 2929 945 2993 adornat
966 2934 1160 3012 iungendum,
1184 2936 1221 2994 of.

101 3037 196 3095 Most,
220 3037 295 3108 425,
324 3035 378 3094 sed
398 3035 485 3093 valde
508 3054 627 3110 vereor,
657 3057 693 3094 ne
719 3032 874 3123 „dorqam“
899 3036 1087 3096 scribendum
1110 3039 1158 3096 sit.
1180 3067 1222 3078 —

103 3141 178 3200 363.
202 3135 349 3198 astutiam
370 3133 449 3198 harto
465 3137 591 3213 Pylades
609 3145 640 3197 et
655 3137 800 3198 Fleckeis.
819 3139 894 3198 Mus.
913 3139 1005 3198 Rhen.
1019 3139 1089 3197 XIV
1106 3161 1136 3217 p.
1151 3143 1220 3214 632,
1320 3149 1323 3157 '

102 3244 166 3318 qui,
191 3238 276 3317 quam
299 3241 385 3300 Both.
408 3243 511 3319 posuit
537 3241 675 3314 formam,
708 3239 873 3314 „iustitini“
903 3241 1129 3319 improbandam
1159 3263 1222 3304 esse

102 3345 201 3416 docet.
223 3372 266 3383 -
289 3345 360 3402 364.
388 3339 479 3418 ,ego“
501 3343 557 3400 dal.
576 3342 710 3419 Pylades.
728 3355 771 3383 -·
795 3345 863 3404 365.
889 3339 926 3404 Sc·
948 3341 1021 3422 qai.
1035 3391 1040 3402 .
1055 3341 1224 3405 adtendant
1277 3339 1301 3424 J

102 3447 302 3518 Camenam
325 3445 427 3505 Goetz.
455 3441 643 3518 ,adueniat“.
684 3442 792 3506 dutum
814 3462 879 3506 esse
901 3447 1038 3523 Pylades.
1079 3447 1222 3526 Epidicus

103 3555 207 3610 eutem
244 3551 396 3626 pecuniam
434 3567 529 3626 nuper
567 3553 719 3626 acceptam
758 3549 829 3610 hero
867 3549 1047 3609 adulescenti
1087 3552 1221 3610 tradidit.

105 3654 204 3724 Quum
227 3653 318 3725 igitur
340 3651 491 3729 Apoecide
513 3656 659 3728 praesoute
681 3651 780 3709 lenoni
802 3652 914 3710 solvere
936 3671 995 3710 non
1017 3653 1120 3730 possit,
1144 3655 1222 3712 solus

103 3757 242 3814 lenonem
276 3753 350 3827 adit,
385 3751 470 3830 eique¹
499 3753 672 3830 persuadet,
707 3760 755 3827 ut,
790 3774 879 3831 quum
912 3745 1013 3813 veniat
1047 3755 1221 3832 Apoecides,
1275 3789 1286 3820 0

104 3861 263 3935 argentum
294 3873 326 3914 se
355 3859 508 3934 accepisse
537 3855 622 3914 dieat.
673 3857 838 3934 Acceperat
865 3863 964 3915 autem
992 3877 1025 3915 re
1055 3877 1127 3916 vera
1156 3855 1223 3916 aicta

104 3963 222 4036 aliquot
254 3957 316 4018 dies
348 3981 403 4037 pro
436 3958 654 4036 Acropolistide
688 3961 812 4036 triginta
844 3962 951 4032 minas,
992 3979 1019 4018 v.
1049 3963 1120 4020 701.
1151 3963 1237 4020 703.-

105 4061 192 4134 Quod
220 4061 313 4138 igitur
340 4083 367 4122 v.
392 4065 451 4121 366
482 4057 720 4140 quinquaqinta,
755 4081 814 4121 non
842 4063 966 4136 triginta
999 4063 1155 4139 leguntur,
1186 4062 1221 4120 R.

104 4164 225 4222 Mulier.
249 4169 279 4221 et
301 4163 395 4242 Gepp.
418 4165 496 4224 hunc
518 4183 634 4222 versum
657 4165 790 4241 spurium
812 4169 972 4242 putarunt3
996 4165 1080 4224 male.
1120 4164 1221 4237 Immo,
1307 4201 1313 4218 .

105 4268 130 4328 si
147 4247 310 4343 ,‚triginta'“
325 4265 456 4340 dixisset,
473 4266 557 4324 dolus
570 4270 668 4325 atatim
680 4269 845 4342 patefactus
857 4272 943 4338 esset,
964 4286 1029 4324 narn
1043 4266 1223 4346 Periphanes
