2970 5006
534 403 566 456 v.
583 403 727 459 aas-see.
837 463 840 473 ,
871 379 873 385 ’
1129 409 1191 469 263

71 591 208 670 parum“
228 600 270 656 ait
284 595 399 656 Nonius
415 617 444 672 p.
465 599 524 656 540
546 601 608 671 „est
628 597 749 656 linteum
773 598 914 666 femorale
933 595 1096 670 (humerale
1115 601 1189 657 coni.

79 693 209 776 Rocper)
228 698 264 757 ad
276 701 353 758 talos
369 699 513 778 pendens;
531 699 650 772 dictum,
668 699 747 776 quod
764 701 868 759 subtus
886 704 1036 777 appareat.
1068 700 1192 758 Plautus
1258 739 1262 746 ·

78 803 108 858 in
130 799 273 878 Epidico:
297 790 460 881 supperum'
481 809 533 861 aut
555 803 735 861 subnimium
759 810 817 875 est,
841 805 944 875 ritem,
967 804 1117 862 vasilicem
1141 809 1192 861 aut

79 903 259 962 exoticum“.
314 905 388 964 Tum
422 905 586 964 offeruntur
619 911 650 962 et
683 905 741 962 alia
774 909 803 963 et
831 925 867 963 ex
893 905 1033 965 Afranio:
1081 905 1190 978 „Tacui

78 1006 178 1081 puella
199 1027 353 1078 consum,
377 1027 506 1084 supparo
530 1012 554 1067 si
576 1008 683 1066 induta
702 1003 806 1066 sum?“
853 1007 947 1067 Varro
965 1007 1000 1066 L.
1012 1008 1047 1068 L.
1062 1006 1094 1080 V,
1115 1009 1190 1066 131:

81 1108 221 1180 „indutui
244 1109 380 1182 alterum,
403 1109 482 1187 quod
505 1111 619 1184 subtus,
643 1131 661 1168 a
683 1129 741 1187 quo
765 1109 920 1184 subucula,
946 1111 1087 1186 alterum,
1112 1109 1191 1188 quod
1274 1153 1276 1160 .

78 1231 175 1286 supra,
200 1231 217 1268 a
240 1231 298 1288 quo
320 1209 497 1289 supperus“;
531 1211 582 1273 sed
604 1215 667 1289 ipse
691 1213 816 1285 dubitat,
841 1233 907 1270 nam
931 1212 1027 1270 addit:
1055 1215 1129 1285 „nisi
1151 1214 1191 1285 id,

79 1313 156 1388 quod
179 1315 252 1372 item
275 1314 378 1372 dicunt
400 1308 504 1373 Osce“.
558 1315 669 1374 Eadem
693 1318 772 1382 enim
795 1335 854 1374 vex
876 1335 940 1374 esse
962 1315 1081 1373 videtur
1103 1321 1192 1398 utque

23 1495 25 1500 Ι
78 1418 232 1494 siparium,
254 1417 315 1474 rid.
332 1416 517 1494 Merquardt‚
541 1417 765 1476 Privetelterth.
789 1417 818 1476 ll
839 1441 868 1496 p.
893 1421 943 1478 95.
968 1446 1005 1456 -
1037 1413 1192 1476 suminio

77 1537 144 1576 num
168 1519 208 1577 ed
230 1521 350 1578 minium
375 1520 503 1578 colorem
527 1521 715 1578 referendum
739 1521 786 1594 sit,
810 1541 868 1579 non
890 1522 994 1598 liquet.
1013 1549 1054 1558 -
1073 1514 1189 1591 „Rica“

78 1622 119 1678 ait
140 1621 256 1680 Nouius
278 1641 307 1698 p.
333 1624 392 1682 539
428 1627 491 1695 „est
519 1622 597 1698 quod
627 1642 680 1681 nos
703 1621 853 1682 sudarium
877 1621 1011 1681 dicimus.
1067 1622 1191 1681 Pleutus
1283 1677 1285 1685 ,
1391 1629 1396 1644 ’

78 1725 107 1782 in
129 1723 258 1802 Epidico
281 1721 368 1784 cet.“.
414 1724 488 1783 Tum
512 1731 542 1783 et
564 1726 624 1783 alie
646 1725 809 1784 affemntur
837 1729 867 1783 ct
889 1723 1017 1802 Turpilii
1040 1723 1139 1798 (Ribb.
1164 1746 1190 1786 v.

78 1829 115 1884 72
144 1824 239 1904 sqq.):
283 1826 392 1900 „Ducit
425 1848 471 1885 me
503 1847 618 1899 secum;
652 1833 808 1904 postquam
842 1827 880 1886 ad
915 1827 1016 1886 aedem
1043 1817 1191 1902 remmus,

78 1927 244 1988 Veneratur
266 1929 351 2001 de0s;
374 1932 490 1988 interea
507 1929 630 2007 adspexi
648 1932 792 2006 virginem
813 1930 860 1990 Ibi
883 1935 1019 2003 stantem,
1042 1931 1072 1988 in
1096 1933 1192 2006 capite

78 2033 200 2090 riculsm
224 2029 391 2091 indutam“.
446 2032 526 2092 Fest.
549 2051 578 2109 p.
603 2035 681 2091 277:
719 2033 829 2105 „Riese
857 2038 888 2090 et
916 2033 1026 2092 riculae
1049 2039 1192 2094 vocantur

76 2153 169 2210 parva
191 2135 299 2194 ricinia
321 2141 355 2193 ut
376 2135 498 2211 palliola
520 2135 559 2194 ad
579 2155 666 2194 usum
690 2135 795 2211 cepitis
817 2131 925 2208 fecta“,
954 2135 994 2194 id.
1018 2138 1089 2214 epit.
1114 2137 1190 2196 288:

81 2237 169 2308 „Rieu
191 2243 237 2296 est
259 2239 467 2298 vestimentum
489 2237 675 2314 quadratum,
699 2237 888 2310 fimbriatum,
913 2257 1104 2316 purpureum,
1134 2259 1192 2314 quo

75 2337 238 2398 flaminicae
260 2359 315 2416 pro
336 2341 459 2417 palliolo
481 2338 671 2400 utebantur.“
705 2371 741 2381 -
772 2335 935 2400 basilicum
968 2347 998 2398 et
1031 2339 1191 2413 exoticam,

76 2441 229 2518 magnifica
254 2447 284 2502 et
304 2445 461 2520 peregrina
489 2444 731 2502 vestimentorum
763 2461 885 2517 genera,
916 2465 942 2500 v.
966 2434 1094 2519 Nemp.
1120 2447 1189 2502 540.

78 2574 112 2582 -
139 2547 210 2604 234.
234 2545 319 2604 Hunc
340 2566 459 2606 versum
482 2545 582 2604 Goetz.
606 2542 650 2618 (et
672 2548 730 2604 iam
749 2539 886 2621 Guietui)
909 2548 1042 2622 spurium
1064 2535 1189 2622 putavit,

78 2667 108 2705 ac
130 2667 202 2706 sane
224 2650 338 2706 numeri
361 2649 520 2706 difficultcr
543 2647 742 2726 explicantur;
776 2649 828 2706 sed
851 2650 948 2706 omnia
970 2650 1056 2706 nimis
1079 2650 1191 2707 incerta

76 2713 151 2809 suni.
202 2745 407 2822 „Cornutilis“
434 2753 477 2808 ait
498 2751 572 2810 Non.
592 2771 623 2827 p.
642 2753 701 2810 548
735 2757 805 2820 „aut
826 2753 957 2810 marinus
981 2755 1026 2808 est
1049 2756 1101 2808 aut
1124 2771 1189 2808 cae-

76 2853 190 2926 ruleus,
222 2853 374 2912 aGracco
396 2858 537 2925 tractum,
562 2857 647 2929 qussi
668 2853 810 2912 fluctuum
834 2854 954 2927 similis3
985 2852 1090 2912 fluctus
1112 2855 1189 2911 enim

77 2955 187 3014 Graece
211 2960 326 3031 cymota
349 2957 495 3015 dicuntur.
536 2955 663 3014 Titinius
681 2956 798 3016 Setina:
829 2962 857 3014 et
880 2976 967 3033 quem
990 2955 1070 3014 color
1094 2976 1189 3014 cumu-

77 3059 136 3115 tilis
159 3059 271 3117 deceat.
306 3059 430 3116 Plautus
453 3061 483 3115 in
506 3057 559 3134 Ep.
581 3056 657 3116 cet“.
691 3059 809 3133 Verum,
832 3063 857 3118 si
880 3079 939 3117 non
962 3060 1086 3116 materia
1108 3079 1189 3134 spec-

77 3165 163 3233 tatur,
187 3161 287 3237 potius
310 3160 347 3218 ad
369 3161 493 3218 formem
517 3165 755 3220 ornamentorum
778 3162 965 3220 referendum
985 3167 1028 3218 est
1047 3181 1134 3236 quam
1153 3161 1190 3218 cd

77 3262 210 3336 colorem,
228 3283 296 3322 nam
308 3257 475 3337 plumatiis
492 3261 529 3319 ad
547 3265 673 3322 colorem
692 3285 749 3323 non
767 3265 903 3322 refertur.
938 3263 1052 3322 Nonius
1070 3283 1098 3340 p.
1114 3265 1188 3322 540:

80 3365 248 3440 „plumatile
278 3372 329 3424 aut
354 3366 504 3424 claustum
532 3371 584 3424 aut
607 3387 643 3424 ex
664 3367 773 3442 plumis
795 3367 913 3445 factum.
967 3366 1091 3424 Plautus
1113 3361 1187 3424 cet.“

77 3464 183 3526 Plumae
210 3488 281 3526 vero
308 3488 367 3526 non
396 3467 496 3526 clavus
530 3471 687 3528 continuus
715 3475 773 3541 est,
802 3470 1052 3528 sed.01·namente
1079 3471 1190 3544 passim

77 3587 188 3643 sparsa,
219 3591 248 3628 V·
271 3570 395 3648 Procop.
420 3571 456 3629 de
478 3569 596 3629 AEdific.
619 3572 671 3644 Ill,
699 3572 729 3632 l:
770 3575 851 3645 χιτὼν
873 3579 901 3628 ἐκ
922 3570 1035 3646 perdius*
1057 3575 1189 3648 tyrellu-

78 3673 194 3745 πίσμασι
221 3677 333 3750 χρυσοῖς
363 3675 538 3745 πανταχόθεν
562 3676 732 3750 ὡραϊσμὲνος,
762 3679 778 3731 ii
806 3677 838 3744 δὴ
871 3679 1023 3749 resupinant
1052 3677 1190 3748 πλοὺμμια

79 3777 173 3834 καλεῖν.
219 3776 437 3835 Plumuriorum
460 3781 559 3835 autem
582 3797 629 3834 ars
653 3777 763 3836 inde‘a
783 3777 923 3836 Varronis
935 3785 1028 3836 ‘aetate
1052 3775 1092 3850 (v.
1112 3777 1187 3836 Non.

47 3913 50 3922 ν
77 3895 104 3950 p.
130 3881 206 3938 162:
241 3879 331 3954 „quid
359 3880 398 3938 sit
426 3879 501 3938 bene
532 3881 644 3956 pictum
668 3900 686 3936 a
707 3881 855 3956 plumario
879 3885 931 3938 aut
953 3877 1103 3954 textore“)
1137 3901 1190 3957 per

78 3995 158 4036 omna
180 3999 273 4040 aevum
297 3981 478 4054 celebretur,
509 4002 535 4038 v.
555 3981 744 4057 Murquardt,
778 3982 1002 4041 Privatalterth.
1022 3983 1050 4039 Il
1069 4004 1098 4059 p.
1120 3983 1187 4041 147.

78 4075 284 4159 Waddington,
307 4084 379 4144 Edit
400 4085 437 4142 de
459 4085 624 4143 Diocletien
647 4096 676 4163 p.
702 4087 750 4144 32.
775 4115 816 4124 -··
844 4082 984 4144 carinum
1005 4084 1046 4158 A,
1079 4088 1189 4158 „caeri-

78 4181 160 4240 uum“
185 4185 298 4244 Nonius
320 4206 349 4262 p.
375 4189 446 4261 548,
474 4207 501 4246 v.
526 4186 563 4244 ad
585 4186 653 4246 Aul.
679 4189 748 4271 502,
772 4218 814 4226 -
840 4185 1001 4264 portitorem
1024 4187 1107 4245 codd.
1130 4206 1190 4244 uua

80 4302 141 4344 cum
162 4287 202 4360 A;
231 4287 346 4348 Nonius
368 4309 397 4368 p.
420 4291 479 4348 54ss
506 4285 685 4368 „gelinum“.
736 4279 941 4351 Voxiidetur
962 4289 1079 4348 ridiculi
1102 4309 1190 4351 causo
