3030 5050
106 403 158 468 111,
176 406 201 470 6,
218 406 301 457 6-11
613 401 721 457 Casina.

548 591 788 676 Lysidamns

109 703 229 786 Lepide
252 709 428 770 excurstus
451 703 624 768 incessisti.

581 855 758 937 Olympio

661 962 732 1028 Aha
755 961 851 1028 hodie
865 1011 1023 1027 ........
1036 983 1059 1026 s.

549 1118 645 1202 Lysi
652 1119 788 1182 damus

108 1232 204 1296 Mane
227 1252 317 1308 nero,
341 1249 540 1315 qnsmqnsm
564 1227 701 1292 fastidis.

582 1381 759 1464 Olympio

572 1489 628 1572 Fy,
651 1489 691 1574 fy,
716 1487 819 1554 foetet
841 1495 917 1554 tuns
941 1486 1019 1552 mihi
1043 1507 1159 1551 sermo.
1178 1501 1230 1553 690

551 1661 788 1744 Lysidamus

106 1773 200 1852 Quae
223 1773 301 1838 ros?
355 1779 357 1782 ’

585 1901 758 1983 Olympio

273 2011 364 2077 Hssn
385 2033 446 2076 res.

551 2153 647 2236 Lysi
655 2157 786 2217 damus

423 2265 573 2330 Etiamne
596 2262 731 2326 adstas?

585 2415 763 2499 Olympio

630 2525 805 2591 Enimuero
828 2541 989 2600 πραγματα
1014 2539 1065 2595 μοι
1086 2515 1230 2598 παρέχεις.

553 2677 649 2760 Lysi
656 2679 791 2744 damus

107 2793 204 2856 Dabo
228 2789 291 2855 tibi
312 2783 388 2868 μέγα
409 2787 509 2858 κακόν,
533 2796 569 2852 ut
591 2809 651 2872 ego
675 2790 802 2872 opinor,
822 2787 886 2850 nisi
908 2785 1043 2850 resistis.

586 2943 760 3024 Olympio

108 3049 136 3108 Ω
159 3047 234 3120 Ζεῦ,
256 3052 349 3142 potin
372 3072 392 3116 a
415 3062 468 3117 me'
488 3051 599 3130 abeas,
622 3053 683 3116 nisi
708 3073 758 3116 ms
782 3053 831 3116 uis
854 3069 985 3114 uomere
1010 3047 1128 3110 hodie?

552 3203 790 3288 Lysidamus

108 3315 214 3380 Mans.

586 3456 764 3539 Olympio

262 3564 347 3641 Quid
371 3565 444 3630 est?
468 3566 540 3648 quis
564 3565 615 3630 hin
638 3573 688 3630 est
711 3566 832 3630 homo?

552 3735 789 3818 Lysidamus

862 3843 946 3908 Erus
970 3864 1051 3908 snm.

117 3967 339 3978 ——--——-

196 4051 248 4105 689
267 4051 334 4104 Post
350 4051 435 4104 hodie
454 4050 524 4104 nitet
540 4049 597 4113 fuit
616 4052 644 4104 in
662 4047 737 4104 ΒΙΕ
843 4047 920 4103 Usha
937 4049 957 4101 1
1061 4049 1114 4100 690
1132 4046 1173 4116 Ey
1191 4045 1233 4114 Ε]

113 4135 165 4194 691,
179 4153 242 4190 mos
261 4136 390 4204 psrsnhis
408 4135 443 4202 B,
462 4155 525 4188 moe
545 4135 670 4202 perennis
689 4133 737 4188 IE
842 4135 892 4186 692
912 4133 962 4186 tibi
982 4149 1032 4186 om.
1052 4129 1127 4186 BIE

116 4218 175 4272 Meo
194 4237 301 4275 aennon
320 4221 361 4276 bis
378 4221 411 4288 B,
432 4223 477 4275 Me
496 4239 617 4276 oaeneon
635 4218 669 4281 E,
689 4237 768 4273 mens
785 4220 891 4273 nachon
910 4219 930 4272 I
1000 4221 1050 4272 699
1068 4218 1172 4272 habeas
1189 4214 1238 4271 ΙΕ

114 4303 163 4356 694
180 4306 294 4374 quidem
313 4314 355 4360 est
372 4306 402 4361 Ε
484 4307 568 4361 homo
588 4313 630 4360 est
648 4302 723 4360 ΒΙΕ
808 4305 960 4358 Erursum
979 4302 1013 4358 E-
