2970 5006
128 1553 325 1654 Mostellaria
346 1595 447 1654 sabula
475 1599 533 1668 est,
563 1615 621 1672 qua
648 1595 684 1656 de
713 1596 852 1653 monstris
881 1594 983 1672 agitur¹
1011 1595 1073 1652 siva
1102 1583 1256 1669 mostellia,

129 1701 313 1775 quamquam
337 1697 521 1756 deminutiva
548 1699 674 1788 nominis
702 1697 800 1755 forma
827 1701 878 1758 vix
908 1697 977 1755 alibi
1005 1699 1168 1774 reperitur3
1205 1693 1256 1774 (de

40 1799 45 1808 '
127 1821 151 1858 n
176 1805 245 1858 ante
267 1819 281 1858 s
305 1805 426 1858 mtrem
443 1799 503 1860 rid.
516 1799 651 1872 Corssen,
675 1799 862 1876 Ausspracbe
886 1799 937 1857 des
954 1799 1021 1858 Lat.
1039 1799 1053 1856 l
1075 1819 1104 1876 p.
1126 1803 1165 1859 97
1185 1794 1254 1876 sq).
1287 1863 1289 1868 ,

127 1903 277 1960 Monstris
300 1903 377 1960 enim
397 1902 522 1960 obiectis
543 1901 592 1960 rel
614 1905 715 1979 potins
738 1903 866 1960 narratis
889 1901 1140 1990 callidusoservus
1157 1923 1255 1991 senem

97 2031 100 2034 ·
126 2005 372 2086 superstitiosum
396 2005 432 2064 ab
457 2003 569 2062 adibus
592 2005 699 2078 abigit,
722 2024 759 2062 ne
783 2003 981 2062 adulescentis
1003 2003 1068 2061 heri
1091 2005 1254 2080 nequitiam

128 2107 365 2167 animadvertat.
447 2115 450 2120 '

217 2207 442 2286 Theopropides
465 2214 555 2266 senex
574 2207 766 2266 Atheniensis
783 2209 971 2284 negotiorum
990 2227 1079 2266 causa
1096 2195 1254 2268 trienninm

127 2313 220 2371 domo
243 2311 349 2370 abfuit.
394 2299 517 2370 Interim
540 2309 726 2369 Philolaches
748 2309 826 2368 filius
849 2310 1020 2369 adulescens
1044 2329 1144 2368 amore
1161 2331 1254 2370 mere-

126 2417 216 2474 tricis
239 2419 342 2490 captus
365 2413 526 2470 amicorum
549 2412 685 2490 exemplo
707 2417 738 2471 et
755 2431 839 2470 serso
857 2433 982 2488 nequam
1000 2395 1139 2471 hortante
1156 2418 1251 2471 totum

126 2515 252 2576 libidini
280 2521 311 2574 et
337 2516 462 2573 luxuriae
492 2499 523 2573 se
551 2515 648 2595 dedit,
683 2520 714 2574 et
741 2535 832 2594 quum
862 2514 1018 2594 absumpta
1046 2535 1077 2572 re
1111 2515 1251 2574 familiari

126 2620 257 2697 pecunia
290 2638 350 2676 non
378 2597 564 2694 sa'ppeteret,
597 2619 681 2695 gravi
708 2618 818 2677 faenore
846 2619 973 2694 primum
1002 2603 1128 2691 triginta
1157 2620 1252 2676 minas

127 2723 256 2798 aceepit,
291 2719 397 2798 quibus
430 2721 555 2778 amicam
589 2740 607 2778 a
638 2722 743 2779 lenone
773 2720 948 2792 redimeret,
982 2719 1089 2778 deinde
1117 2722 1149 2778 in
1179 2721 1252 2780 alios

127 2828 268 2898 sumptus
301 2822 401 2881 decem
434 2823 538 2882 minas.
594 2821 707 2894 Quibus
740 2824 918 2900 comparatis
951 2841 1041 2900 quum
1074 2823 1105 2879 in
1138 2822 1251 2880 adibus

99 2927 265 3010 'paternis
288 2929 493 3002 sumptuosum
516 2927 683 2983 convivium
706 2926 887 2996 institueret,
910 2944 1000 2982 senex
1021 2924 1118 2983 redux
1139 2945 1175 2982 ex
1197 2928 1250 2983 im·

126 3029 252 3105 proviso
270 3029 453 3104 supervenit.
498 3027 590 3098 Quem
609 3029 660 3086 uhi
677 3029 707 3085 in
726 3033 815 3104 portu
832 3027 995 3106 conspexit,
1018 3025 1128 3085 Tranio
1147 3045 1251 3086 servus

129 3128 241 3189 callido
265 3129 389 3188 consilio
412 3128 632 3188 adulescentem
655 3149 772 3188 servare
802 3136 935 3188 conatur.
990 3129 1083 3190 AEdes
1111 3136 1176 3188 erte
1205 3150 1252 3188 oc·

128 3232 229 3290 clusas
251 3233 315 3290 seni
342 3231 518 3307 persuadet,
553 3235 624 3308 quia
651 3239 834 3292 mortuorum
863 3234 1001 3290 monstris
1030 3232 1252 3305 infestarentur,

128 3334 169 3394 ab
191 3323 385 3393 ¹adulescente
414 3333 535 3393 domino
557 3333 672 3410 pridem
700 3335 818 3394 relictas
846 3353 922 3406 esse,
958 3355 1011 3393 nec
1044 3336 1106 3393 sine
1139 3353 1251 3393 summo

117 3435 263 3514 periculo
297 3435 374 3494 adiri
397 3455 503 3514 posse.
568 3437 678 3496 Verum
711 3437 885 3515 supervenit
917 3437 1077 3496 faenerator
1109 3441 1251 3514 pecuniae,

107 3545 220 3616 'quam
248 3537 442 3596 Philolacheti
475 3537 727 3611 commodaverat,
761 3559 866 3597 usuras
895 3559 1030 3616 poscens.
1087 3539 1176 3598 Cuius
1206 3541 1251 3597 rei

129 3659 222 3720 quum
244 3659 334 3699 senex
356 3641 502 3698 rationem
525 3628 639 3716 quaerit,
662 3641 774 3700 Tranio
797 3643 824 3700 ei
846 3647 956 3714 narrat,
979 3641 1073 3700 filium
1097 3645 1160 3701 eius
1178 3642 1251 3701 alias

129 3744 210 3804 aedes
242 3743 301 3801 sibi
330 3743 434 3800 emisse
464 3747 494 3800 et
523 3744 698 3802 arrhabonis
722 3743 812 3803 dandi
835 3763 924 3802 eausa
947 3749 1102 3821 argentum
1129 3744 1206 3803 illud
1235 3765 1252 3802 a

129 3841 308 3905 feneratore
339 3845 513 3922 sumpsisse,
545 3847 803 3924 interrogantique
836 3849 914 3919 seni,
948 3846 1069 3905 ubinam
1102 3847 1162 3906 sint
1193 3847 1252 3906 illae

103 3927 106 3934 Δ
129 3945 226 4020 eadee,
260 3947 350 4006 vicini
372 3947 502 4006 Simonis
530 3946 650 4008 domum
679 3948 811 4009 indicat·
853 3949 1076 4027 Theopropides
1106 3947 1183 4007 sedas
1206 3950 1251 4006 in-

110 4045 244 4126 'epicere
267 4051 360 4127 eupit,
384 4051 415 4106 et
435 4047 547 4108 Tranio
569 4055 726 4128 postquam
745 4050 857 4111 Simoni
879 4054 1022 4124 narravit,
1045 4070 1145 4110 senem
1167 4070 1250 4108 suurn

130 4169 222 4210 novas
244 4152 321 4212 aedes
340 4149 378 4210 sd
396 4150 477 4211 illius
494 4152 647 4230 exemplar
664 4151 811 4212 aedificare
831 4155 916 4228 velle,
940 4153 1118 4231 inspiciendi
1135 4153 1250 4213 veniam

131 4255 282 4329 impetrat.
336 4253 400 4314 lam
433 4251 557 4312 ridicule
587 4254 747 4313 admodum
774 4255 825 4314 ille
855 4256 966 4315 alienas
997 4257 1076 4315 aedes
1104 4275 1160 4332 pro
1190 4257 1251 4315 suis
