2982 5012
516 441 525 458 ,
617 387 762 460 Epidicus.
783 375 786 390 ’
1207 402 1247 462 25

559 580 810 666 Periphanes
1064 663 1067 668 Α
1172 637 1201 652 ..

926 690 1025 758 Certo
1048 712 1107 776 ego
1131 693 1245 758 occidi.

579 797 616 861 Ἐ
650 799 784 863 idicus

111 901 208 969 Haec
225 868 282 970 'sio
306 904 397 971 aibat
420 925 454 970 sc
477 820 644 990 pudiuisdd
667 927 706 970 ex
729 927 827 992 eapse
850 906 964 1012 adlata
986 909 1137 992 epistula.
1196 883 1272 981 255⁶

533 1036 647 1103 'Peri
685 1037 806 1102 hanes

111 1143 205 1220 Quid
226 1165 287 1227 ego
305 1144 423 1210 faciam
443 1145 551 1209 nuno?
586 1059 764 1210 conditum
781 1153 844 1210 ate
857 1153 1039 1230 expetesso,
1052 1148 1245 1232 Apoecides.

569 1275 800 1360 Apoecides

111 1385 334 1468 Reperiamus
358 1383 483 1467 aliquid
507 1383 605 1466 calidi
629 1382 846 1448 conducibilis
869 1385 998 1466 oonsili3

111 1491 201 1557 Nam
214 1492 271 1557 ille
284 1491 413 1575 quidem
426 1499 484 1558 aut
496 1491 561 1556 iam
574 1490 627 1556 hio
636 1491 754 1570 aderit,
763 1490 1052 1572 crodoberole‚aut
1062 1497 1129 1561 iam
1141 1496 1245 1562 adest.

585 1623 785 1706 Epidicus
883 1707 885 1713 k

954 1729 988 1796 Si
1010 1753 1150 1818 aequom
1174 1737 1245 1816 siet,

112 1839 167 1904 Me
192 1837 269 1922 plus
293 1860 408 1923 sapere
432 1859 528 1924 quam
551 1860 621 1919 nos,
647 1839 791 1904 dederim
813 1840 908 1905 uobis
932 1841 1245 1924 consiliumcaturn,
1365 1849 1366 1854 ’

114 1946 214 2024 Quod
238 1947 389 2026 laudetis,
412 1955 450 2012 ut
473 1968 532 2030 ego
557 1949 664 2032 opino,
687 1955 836 2030 uterque.
913 2031 915 2036 Ι

557 2078 809 2162 Periphanes

687 2188 773 2271 Ergo
797 2188 852 2253 ubi
875 2188 909 2254 id
932 2196 991 2269 est,
1014 2187 1175 2274 Epidico?
1193 2209 1248 2262 260

456 2395 462 2410 ⁸
583 2319 779 2402 Epidicus
1024 2305 1028 2325 ²

112 2429 226 2510 Atque
250 2428 292 2492 ad
318 2447 391 2492 sam
413 2449 482 2493 rem
506 2428 720 2492 conducibile.

338 2522 340 2528 i
486 2625 490 2634 ,
567 2558 794 2642 Apoecides
902 2559 905 2562 ’

739 2665 823 2742 Quid
846 2667 933 2731 istuc
956 2665 1088 2732 dubitas
1112 2667 1245 2734 dicere?
1358 2701 1365 2714 ·

114 2773 183 2839 Uos
209 2775 337 2870 priores
357 2795 432 2870 xesse
455 2781 595 2858 oportet,
620 2796 677 2838 nos
700 2775 864 2857 posterius
886 2773 1005 2854 dicere,

115 2882 178 2961 Qui
203 2883 282 2966 plus
306 2884 430 2966 sapitis.

463 3033 465 3040 .
554 2983 806 3067 Periphanes

455 3081 541 3158 'Eis
563 3114 656 3172 uer03
682 3113 750 3175 age,
776 3093 836 3157 dic.

581 3219 777 3302 Epidicus

886 3329 931 3390 At
953 3325 1155 3392 deridebitis.

564 3435 792 3520 Apoecides
1090 3423 1094 3432 ’

116 3541 189 3606 Non
213 3531 329 3626 edepol
354 3541 518 3608 faciemus.

581 3649 778 3735 Epidicus
1010 3720 1013 3735 ,

547 3757 660 3836 Immo,
686 3760 713 3824 si
736 3759 890 3842 placebit,
913 3761 1017 3825 utitor

119 3862 310 3947 Consilium3
335 3867 362 3932 si
385 3887 449 3930 non
473 3867 626 3950 placebit,
650 3869 828 3950 reperitote
851 3869 983 3934 rectius.
1193 3887 1243 3938 265

120 3971 195 4039 llihi
216 3975 290 4050 istic
308 3995 368 4048 nec
387 3977 508 4040 seritur
525 3995 585 4039 neo
602 3957 744 4053 irretitur,
767 3977 829 4041 nisi
849 3997 898 4056 ea,
921 3997 1006 4060 quae
1030 3977 1139 4055 tuuis,
1156 3977 1241 4042 uolo.

202 4191 253 4241 254
272 4187 348 4242 Cedo
424 4189 474 4242 255
493 4190 539 4260 sic¹
551 4189 646 4243 aiebat
664 4191 705 4244 sic
724 4191 820 4244 audiui
838 4207 899 4245 sese
917 4191 953 4244 ab
971 4207 1001 4244 se
1019 4197 1103 4260 atque
1121 4191 1243 4259 epistola

122 4271 168 4323 257
186 4273 361 4342 Riperismus
442 4274 537 4328 callidi
617 4277 667 4330 260
687 4278 790 4344 opinor
874 4275 1102 4354 263‘Eisgeuero
1121 4292 1173 4344 aga
1190 4277 1217 4331 B
