2982 5014
591 379 626 436 v.
645 383 790 436 car-cao.
1184 391 1246 454 413
1344 449 1348 462 ,

121 583 220 639 venit:
247 580 346 654 ,cenni
368 579 430 636 sint
452 573 581 654 capite“.
604 605 647 616 —
670 578 816 637 444-45
840 579 871 636 in
888 577 914 636 A
933 579 1062 651 fuerunt,
1086 579 1138 637 sed
1161 579 1248 640 nimia

119 701 219 760 panca
234 682 485 758 legi'potu‘erunt.
504 693 542 720 '-
563 679 636 738 446.
659 675 784 739 indies
808 675 954 756 scapulas
977 695 1077 754 escum
1099 683 1249 757 parasitus

120 784 304 861 multiplices
331 765 401 842 eibi
417 781 565 858 postulat,
600 779 726 858 ideoque
755 782 849 840 multo
879 785 972 860 magia
1001 788 1160 861 occupatus
1193 788 1248 844 oet.

120 886 203 945 Mala
215 885 342 944 Vahlen.
365 884 442 943 Μαι
455 883 633 942 anxxvn
643 902 674 959 p.
691 885 750 942 176
763 871 995 962 intdrpretatur:
1009 887 1103 963 quiin
1116 887 1248 960 singulos

120 989 189 1047 dies
216 988 329 1048 habeut
355 985 437 1063 qnod
466 985 565 1046 edant.
598 1013 634 1024 -
668 981 757 1046 edint
785 991 816 1044 et
842 989 867 1045 Δ
896 993 927 1046 at
953 993 1040 1059 cett,
1073 989 1109 1048 cf.
1134 991 1183 1048 90.
1207 1019 1250 1028 -

122 1093 197 1151 450.
226 1089 285 1149 Pro
314 1093 456 1166 corrupto
488 1088 607 1162 „datum
634 1085 782 1147 uoluiaae“
809 1089 942 1148 einen:
980 1089 1183 1164 „credideram
1206 1093 1250 1154 in·

121 1194 259 1265 noluisse,
282 1193 302 1250 i.
326 1213 351 1250 a.
374 1187 570 1264 insonuisse&
595 1189 676 1268 qnod
698 1209 757 1248 uon
781 1197 826 1250 eet
848 1190 1000 1250 Latinum.
1056 1191 1122 1252 Non
1145 1193 1250 1252 melius

86 1323 92 1335 ·
120 1294 262 1372 Spengel.
276 1293 384 1352 Philol.
397 1292 499 1352 xxm
509 1312 539 1371 p.
556 1294 631 1352 lle:
649 1289 806 1366 „oluiaae“,
820 1293 944 1352 Vahlen.
979 1293 1056 1354 Mus.
1070 1294 1127 1354 Rh.
1139 1295 1210 1355 XVI
1220 1316 1250 1375 p.

123 1400 204 1457 632:
230 1395 333 1472 ,Quod
351 1401 413 1454 tarn
431 1394 519 1454 rebar
535 1399 634 1454 ratum
651 1395 822 1468 habuieee“,
847 1391 932 1454 132²:
961 1395 1062 1469 ,Quod
1081 1402 1143 1455 tam
1163 1397 1252 1458 credo
1336 1407 1339 1418 '

122 1501 197 1559 dece
219 1495 379 1558 uoluieeo“.
425 1497 647 1560 Rectiueidem
669 1498 823 1573 inpriore
846 1497 892 1556 ed.
913 1499 1039 1575 exempli
1062 1517 1151 1558 cauea
1179 1520 1251 1578 pro·

121 1605 283 1681 posuerat:
310 1601 405 1675 ,Quoi
423 1606 485 1658 tam
503 1600 591 1658 credo
608 1600 696 1659 funus
708 1596 850 1674 factum“,
870 1620 906 1658 ax
918 1620 944 1659 v.
958 1602 1035 1672 4803
1059 1619 1125 1659 nam
1139 1622 1174 1660 ex
1186 1622 1253 1662 con·
1335 1652 1340 1660 ,

124 1705 228 1764 trariis
242 1709 446 1782 apparatuum
465 1703 575 1761 dixisse
587 1707 646 1761 tam
660 1707 773 1762 certum
786 1721 850 1762 ense
861 1701 1019 1780 prandium
1030 1705 1152 1780 perisse,
1166 1723 1253 1782 quam

124 1827 156 1866 ee
179 1809 292 1866 vivere.
337 1804 410 1864 Inde
427 1805 519 1866 Koch.
541 1804 619 1879 Moe.
633 1804 688 1863 Rh.
702 1803 801 1864 XXIV
822 1825 853 1882 p.
868 1805 942 1864 633:
972 1799 1062 1882 Quod
1080 1805 1143 1866 tum
1161 1803 1253 1866 credo

125 1905 222 1970 domm
245 1903 370 1968 obiisse.
393 1937 436 1947 —
466 1921 559 1982 quam
580 1923 629 1966 me
651 1905 701 1982 cd.
721 1927 767 1985 pr.
792 1937 833 1948 -
861 1908 933 1967 461.
961 1901 1184 1984 reliquiarum,
1214 1910 1254 1968 ct.

127 2013 198 2072 144.
211 2039 254 2052 -
266 2005 398 2070 oblectat
413 2024 515 2069 meum
526 2011 561 2081 A,
582 2014 617 2067 ut
635 2011 694 2068 iam
706 2008 881 2069 Saracenas.
901 2039 942 2049 -
959 2011 1031 2068 452.
1051 2023 1119 2069 cum
1138 2009 1255 2071 addidit

126 2115 227 2173 Sarac.
284 2113 343 2172 Sed
369 2131 473 2170 verane
498 2110 630 2170 nondum
652 2117 829 2188 persanatue
857 2118 943 2184 erat,
972 2130 1063 2187 quare
1093 2111 1146 2175 R.:
1184 2111 1256 2186 „Set

127 2216 199 2294 quid
217 2233 272 2292 ego
290 2215 339 2273 hio
356 2214 447 2274 uideo
458 2207 725 2274 Menaechmum?“
751 2211 818 2274 aut:
846 2213 916 2286 ,Set
933 2213 1004 2291 quid
1023 2213 1135 2274 uideo?
1156 2234 1255 2274 eccum

125 2311 383 2376 Menaechmum“.
427 2316 539 2375 Verum
568 2316 681 2376 invenit
703 2313 791 2374 Br.¹:
821 2309 1061 2390 Menaechmus,
1095 2316 1175 2395 ¹quod
1204 2339 1256 2378 our
1374 2305 1375 2312 ¹

126 2425 233 2497 postea
254 2418 486 2498 improbaverit,
517 2438 576 2478 nou
598 2418 745 2492 intelligo.
779 2447 822 2458 -
856 2419 929 2476 453.
959 2415 1053 2478 uenio
1082 2415 1256 2480 cucusum

129 2517 274 2598 temperi,
309 2521 345 2580 of.
369 2523 449 2596 434,
481 2523 567 2598 qnasi
590 2539 693 2579 servus
716 2518 802 2578 linita
825 2539 897 2579 cena
920 2519 959 2578 ad
980 2520 1181 2580 reducendum
1203 2523 1256 2582 do·

127 2627 250 2692 minum.
283 2654 327 2664 —
360 2625 431 2684 454.
466 2623 551 2683 Hunc
579 2642 712 2695 vernum,
747 2622 798 2699 qui
825 2623 856 2680 in
885 2626 956 2681 cett.
980 2621 1066 2681 codd.
1095 2629 1164 2701 poet
1192 2613 1255 2683 462

126 2728 239 2804 legitur
261 2726 360 2785 alieno
382 2725 459 2799 loco,
483 2725 552 2784 huic
575 2726 641 2784 loco
666 2743 702 2781 ex
723 2725 751 2782 A
773 2726 906 2783 restituit
929 2725 964 2784 R.

214 2829 285 2888 455.
320 2827 452 2888 Titulum
481 2847 575 2888 ecana)
604 2825 674 2884 dedi
697 2847 732 2885 ex
755 2825 787 2884 0.
833 2825 957 2886 Senarii.
1003 2825 1104 2886 Finito
1126 2827 1255 2905 prandio

126 2930 329 2990 Menaechmus
359 2932 421 2988 exit
449 2949 515 2989 cnm
543 2929 637 3007 palla,
671 2949 759 3006 qnam
789 2929 825 2986 ab
848 2929 958 2989 Erotio
985 2928 1256 2988 reconcinnandam

127 3035 257 3111 accepit,
282 3025 439 3110 egrediens
462 3035 553 3091 etiarn
575 3051 653 3091 nuuc
675 3032 861 3090 meretricem
880 3031 1052 3109 alloquitur.
1099 3025 1196 3092 Potin
1212 3030 1255 3104 ut,

127 3155 157 3194 v.
181 3135 221 3194 ad
242 3136 332 3194 Most.
359 3137 429 3194 388.
460 3164 503 3174 -
531 3136 603 3194 457.
635 3131 715 3211 facco
737 3134 841 3192 mediae
863 3134 1019 3192 sententio
1040 3136 1255 3211 interpositum

127 3243 163 3297 ut
184 3237 291 3315 Amph.
319 3239 415 3298 1123:
454 3237 568 3314 „Magia
590 3241 649 3298 iam
672 3237 744 3316 faxo
764 3237 839 3294 mira
868 3231 979 3294 dices“.
1008 3265 1050 3274 —
1078 3236 1150 3295 460.
1183 3235 1257 3294 Post

127 3336 164 3400 nd
185 3326 302 3411 hiatur;
330 3338 376 3412 R,
400 3339 467 3399 Ba:
504 3339 591 3413 „Non
619 3339 719 3398 hercle
747 3356 801 3414 ego
830 3339 855 3395 in
883 3333 985 3410 aurn“;
1019 3338 1058 3397 al.
1085 3334 1191 3412 „niei“.
1216 3368 1257 3379 -

128 3443 202 3501 461.
231 3434 380 3514 Obserua,
405 3438 484 3519 quid
505 3437 592 3516 dabo,
615 3444 635 3500 i.
654 3462 678 3500 e.
696 3440 821 3512 videbis,
845 3438 918 3515 quid
940 3439 1012 3498 mali
1033 3439 1167 3500 facturus
1190 3441 1255 3512 sim,

129 3545 167 3603 of.
189 3545 273 3603 Pera.
298 3546 358 3603 292
382 3564 426 3620 eq.
452 3544 594 3622 „Specta,
626 3544 699 3620 quid
721 3539 863 3602 dedero“.
916 3541 1007 3600 Recta
1029 3540 1149 3600 Brixiun
1173 3541 1256 3601 codi-

129 3667 196 3706 cum
224 3649 403 3724 scripturam
431 3653 536 3706 contra
564 3646 712 3706 editorum
741 3646 844 3704 turbae
871 3649 989 3717 tuetur;
1024 3644 1060 3702 ol.
1092 3649 1194 3704 annot.
1219 3643 1256 3704 ad

128 3751 211 3810 Asin.
236 3751 314 3808 436:
341 3748 402 3823 „aio
425 3745 554 3808 dedaro“
580 3753 610 3807 ot
632 3747 670 3806 ad
693 3747 798 3808 Bacch.
816 3749 893 3805 2¹70:
920 3763 1069 3823 „pugnam
1093 3743 1196 3804 dare“.
1215 3775 1258 3786 -

130 3852 289 3911 463-64.
322 3850 432 3909 Verum
464 3869 582 3910 vorsum
616 3850 764 3923 ordinem,
801 3867 889 3926 quom
925 3851 984 3906 iam
1014 3847 1060 3906 ad.
1089 3867 1134 3924 pr.
1165 3851 1258 3907 anim·

129 3953 310 4027 adverterat,
332 3950 534 4011 Aconfirmat.
572 3953 633 4012 464
647 3952 791 4011 Priscian.
811 3950 855 4009 IX
871 3971 901 4028 p.
917 3951 977 4009 869
998 3950 1101 4008 affert:
1128 3949 1258 4024 „Prandi

129 4061 161 4114 at
175 4057 288 4135 potaui,
312 4060 444 4114 coortum
464 4052 617 4114 accubui“.
631 4085 673 4094 —
685 4057 762 4114 Ante
785 4046 906 4113 abstuli
922 4053 1031 4126 hiatus,
1055 4073 1082 4113 v.
1095 4051 1214 4126 Proleg.
1227 4073 1257 4130 p.

133 4159 208 4232 1833
234 4157 339 4218 similia
357 4157 462 4216 eodem
480 4177 584 4217 versun
595 4158 662 4216 loco
673 4156 751 4216 infra
763 4157 835 4216 483.
851 4156 921 4214 513.
936 4157 1006 4214 520.
1022 4155 1092 4214 549.
1137 4153 1257 4214 Miller.

129 4282 159 4340 p.
186 4263 246 4320 687
273 4257 378 4335 ,inde“
405 4265 457 4319 aut
481 4255 547 4333 ,ei“
572 4259 665 4319 addit.
710 4257 831 4336 wago:
870 4257 963 4331 ,hanc
992 4257 1104 4334 apstuli
1133 4256 1257 4330 Pallam,
