2982 5012
615 379 758 450 Epidicus.
969 409 971 414 ·
1231 393 1249 454 7

589 568 787 653 Thesprio

685 740 694 758 ,
776 679 940 744 Audacter
962 682 1113 764 quemuis
1137 682 1250 768 dicito.

589 807 787 892 Epidicus

118 913 212 992 Quid
235 915 516 999 ais?perpetuei1'
540 915 699 980 uoluisti?

590 1045 788 1129 Thesprio

740 1153 848 1220 Uario.

588 1284 786 1368 Epidicus

904 1393 967 1472 Qui
990 1395 1081 1460 uarie
1104 1395 1228 1477 uolent,
1345 1447 1348 1454 .

117 1499 366 1584 Capreaginum
385 1500 552 1567 hominum
569 1521 634 1566 non
659 1499 766 1584 placet
788 1501 869 1567 mihi
890 1522 1006 1590 neque,
1019 1502 1250 1586 pantherinum

472 1603 475 1610 ’
893 1630 1005 1694 genus.

589 1716 788 1800 Thesprio

112 1824 214 1901 Quid
235 1823 298 1890 tibi
321 1825 371 1890 uis
394 1823 500 1890 diesm
522 1825 582 1926 nisi
608 1825 699 1908 quod
722 1826 796 1892 est?

391 1987 401 2038 p
589 1954 787 2038 Epidicus

554 2115 561 2128 .
636 2125 646 2150 ,
690 2063 736 2128 Ut
757 2063 791 2129 id
814 2064 858 2128 mi
879 2083 1050 2148 responsor
1072 2063 1184 2149 probe,
1216 2081 1251 2135 2ο

111 2171 214 2249 Quid
238 2171 326 2238 erilis
348 2177 462 2238 noster
483 2171 579 2237 filius.

590 2279 789 2364 Thesprio

634 2386 732 2452 Ualet
755 2388 895 2470 pugilice
918 2393 1018 2470 etque
1041 2387 1207 2454 athletice.

591 2518 791 2603 Epidicus
1325 2598 1328 2606 Ι

117 2623 374 2722 Uoluppebilsm
392 2626 471 2692 mihi
483 2617 637 2693 nuntium
657 2633 715 2718 ipo
734 2627 881 2692 aduentu
899 2626 1065 2709 adportes,
1083 2625 1256 2710 Thesprio.

112 2737 193 2802 sed
216 2736 273 2801 ubi
296 2741 347 2800 esi
368 2735 419 2799 is?
885 2739 888 2742 '

590 2841 791 2926 Thesprio

333 2950 475 3016 Aduenii
498 2951 608 3016 simul.

592 3057 790 3142 Epidicus

142 3236 149 3248 ,
609 3166 672 3232 Ubi
695 3167 723 3232 is
747 3187 823 3249 ergo
847 3166 920 3231 est?
941 3167 1004 3232 nisi
1028 3165 1056 3230 si
1079 3166 1113 3230 in
1136 3165 1254 3234 uidulo

124 3281 192 3345 dut
214 3278 243 3343 si
263 3278 296 3340 in
320 3275 440 3340 melina
463 3275 622 3340 adtulisti.
908 3262 912 3270 ’

588 3382 790 3468 Thesprio

657 3491 705 3556 'Di
727 3499 761 3556 te
783 3489 938 3574 perdant!
1007 3486 1011 3494 '

373 3560 377 3566 -
495 3625 502 3643 ·
595 3599 789 3683 Epidicus

988 3705 1035 3770 Te
1058 3706 1134 3772 uolo

116 3775 325 3896 Terrorem,
351 3816 511 3897 Thesprio.
552 3816 693 3898 Operam
718 3815 769 3918 de,
793 3835 892 3898 opere
914 3813 1073 3880 reddetur
1095 3813 1166 3880 tihi.
1194 3831 1252 3884 .25

192 4009 226 4060 17
243 4004 328 4060 eitito
345 4003 374 4058 Β
435 4005 466 4058 18
484 4002 556 4070 Quid
574 4002 654 4072 egis?
715 4005 750 4055 20
766 3999 806 4056 Ut
824 4001 864 4055 illi
881 4017 983 4070 respon
1004 4039 1096 4054 ......
1116 4001 1205 4070 probe
1223 4001 1251 4055 Β

117 4097 151 4148 21
172 4092 256 4146 ualet
275 4089 333 4144 ΤΗ.
351 4089 379 4143 Β
442 4090 476 4142 22
494 4088 620 4143 adtulirti
640 4088 668 4143 Β
734 4091 768 4142 23
786 4088 835 4142 ubi
853 4086 941 4141 estis?
960 4083 1016 4140 ΤΗ.
1036 4085 1146 4140 Adueni
1164 4085 1249 4142 simul

119 4179 169 4233 uhi
186 4179 212 4232 is
230 4180 313 4246 egone
329 4173 426 4229 EPID.
445 4173 507 4228 Nisi
523 4175 552 4230 Β
633 4176 666 4228 24
683 4173 799 4228 mellina
889 4173 922 4226 25
940 4170 1079 4240 Thesprio
1102 4185 1151 4226 orn.

117 4265 232 4319 reditur
249 4262 278 4317 Β
