2982 5012
116 386 140 452 1,
151 391 173 454 1,
185 388 293 441 to-ee
616 384 751 454 Epidicus

580 572 782 656 Thesprio

118 683 204 760 Quid
228 684 355 768 igitur?

586 789 783 873 Epidicus

390 899 476 978 Quot
497 897 631 982 miuis‘d]

584 1005 783 1088 Thesprio

658 1113 752 1193 ·Tot;
776 1113 995 1196 quadraginta
1018 1113 1123 1178 minis.

113 1225 156 1288 Id
180 1223 265 1289 adeo
289 1229 460 1305 argeutum
484 1221 526 1288 eh
550 1222 681 1287 danista
703 1221 790 1305 apud
814 1220 943 1286 Thebas
967 1221 1106 1305 sumpsit
1134 1219 1246 1286 fenore

113 1333 155 1398 Iu
181 1331 251 1396 dies
275 1324 443 1414 minasque
467 1331 594 1413 urgenti
617 1330 763 1412 singulae
786 1330 935 1394 nummis.

584 1413 782 1522 Epidicus

1045 1545 1168 1628 Papae!
1215 1561 1247 1614 55

585 1652 789 1736 Thesprio
905 1635 908 1640 ⁵

111 1763 213 1829 Etis
236 1761 366 1829 danista
388 1761 524 1827 aduenit
545 1783 611 1828 uua
626 1761 707 1826 ¹oum
730 1782 768 1826 eo
792 1766 890 1845 atque
913 1769 1087 1844 argeutum
1110 1763 1202 1845 petit.

583 1870 781 1954 Epidicus

111 1982 161 2045 Di
183 1978 385 2058 inmortales,
408 1985 446 2044 ut
468 1999 529 2061 ego
551 1979 662 2044 interii
684 1977 835 2043 basilice!

583 2086 780 2169 Thesprio
845 2126 849 2132 -

784 2193 869 2273 Quid
892 2193 978 2258 iem?
1002 2199 1059 2258 aut
1084 2193 1162 2275 quid
1186 2200 1245 2270 est,

327 2303 484 2388 Erpidioe?

586 2410 783 2494 Epidicus

530 2517 677 2583 Perdidit
699 2539 759 2584 me.

582 2625 782 2709 Thesprio

317 2733 427 2820 Quis?
636 2743 640 2752 '

513 2871 516 2876 ·
583 2843 781 2927 Epidicus

479 2951 547 3030 Ille,
572 2954 628 3034 qui
651 2951 794 3034 perdidit
817 2971 918 3015 arma.

577 3059 778 3142 Thesprio

33 3149 45 3176 ’
110 3169 202 3235 Nem
226 3167 306 3251 quid
327 3168 395 3232 ita?
699 3157 703 3163 ¹

581 3274 778 3366 Epidicus
826 3267 827 3272 ’

235 3401 263 3439 ’-
314 3383 398 3462 Quia
420 3383 556 3448 cottidie
579 3385 650 3466 ipse
674 3383 715 3449 od
738 3405 788 3446 me
813 3381 854 3447 ab
878 3383 1006 3466 legione
1031 3384 1188 3467 epistulas
1212 3403 1246 3454 60

112 3492 274 3558 Mittebat
303 3525 345 3536 —
373 3489 438 3555 Sed
465 3497 593 3556 taceam
622 3499 835 3574 optumumst.
891 3491 969 3556 Plus
1008 3494 1091 3558 seire
1125 3495 1245 3558 satiust

836 3601 1047 3683 quamloqui

324 3705 458 3772 Seruom
482 3707 662 3790 homiuem3
687 3729 726 3773 ea
748 3688 952 3790 sapientiast.

501 3805 506 3822 ⁸
581 3817 781 3901 Thesprio

322 3923 440 3990 Nescio
465 3923 590 4007 edepol,
614 3927 692 4007 quid
710 3924 906 3990 tu'timidus
930 3946 974 3990 es.

185 4181 219 4234 53
238 4177 407 4247 Reddigitur
491 4179 525 4232 56
543 4196 576 4232 eo
595 4180 642 4248 qui
661 4185 808 4250 argeutum
887 4180 1044 4235 orbatione
1115 4181 1148 4232 58
1166 4185 1191 4233 et
1209 4183 1242 4242 59

112 4281 169 4319 uuo
187 4279 278 4319 versu.
347 4265 382 4318 60
399 4263 472 4318 Num
542 4267 643 4320 62463
662 4283 717 4321 seno
735 4282 826 4320 uersu.
