2982 5012
126 369 146 438 1,
158 373 183 438 2,
195 373 281 425 9—25
620 371 761 442 Epidicus.

537 561 841 646 Stratippocles
946 615 953 630 .

119 667 215 732 Nihil
239 670 317 751 agit,
343 672 399 755 qui
423 668 624 736 diffidentem
648 671 759 736 uerbis
783 671 910 737 solatur
933 672 1017 751 suis;

119 775 156 842 Is
179 783 231 843 est
253 779 388 859 amicus,
412 780 469 863 qui
490 779 576 843 inre
595 778 868 858 dubiareiuuat‚
892 779 948 845 ubi
966 801 1002 846 re
1021 793 1072 866 est
1089 803 1181 866 opus.
1202 802 1252 851 ile
1336 809 1339 817 ·

547 885 823 953 Chaeribulus

119 993 211 1071 Quid
234 995 297 1059 tibi
319 1017 371 1060 me
394 995 445 1060 uis
468 993 599 1062 facere?

475 1169 480 1180 ,
535 1102 840 1188 Stratippocles

629 1213 766 1293 Argenti
790 1213 868 1278 dare
892 1213 1113 1296 quadraginta
1135 1197 1268 1295 minan¹

115 1317 219 1395 Quod
242 1319 393 1385 danistae
416 1319 521 1399 detur,
545 1319 631 1385 unde
655 1341 713 1403 ego
735 1320 819 1385 illud
842 1322 966 1404 sumpsi
989 1321 1112 1388 fenore.

554 1425 827 1494 Chaeribulus

114 1536 152 1601 Si
177 1535 290 1600 hercle
313 1535 479 1616 haberem,
502 1555 565 1602 ace
586 1557 742 1620 caparae.

518 1643 839 1728 Stratippocles

745 1753 829 1818 Nam
852 1753 930 1837 quid
952 1761 985 1818 te
1008 1755 1110 1837 igitur
1130 1751 1249 1820 retulit

113 1859 309 1925 Beneficum
328 1882 400 1926 esse
419 1862 577 1940 oratione,
601 1860 689 1926 eiad
711 1882 780 1926 rem
804 1861 962 1926 auxilium
986 1864 1226 1928 emortuumst?

431 2057 434 2062 Ι
544 1967 822 2054 Chaeribulus

79 2077 205 2154 ,Quin
230 2076 347 2161 edepol
371 2084 501 2164 egomet
523 2077 663 2142 clamore
687 2077 859 2159 defatigor,
882 2075 1024 2142 differor.
1113 2141 1119 2152 ,
1201 2095 1250 2146 120

532 2185 838 2271 Stratippocles
1039 2189 1043 2198 '

111 2295 233 2358 Malim
255 2293 441 2358 istiusmodi
464 2293 543 2358 mihi
567 2297 690 2360 amicos
705 2293 809 2384 'furno
833 2313 954 2360 mersos
978 2313 1076 2377 quam
1100 2291 1181 2358 foro.

115 2402 185 2467 Sed
211 2421 346 2484 operam
369 2401 497 2484 Epidici
527 2423 613 2468 nunc
635 2423 686 2467 me
709 2423 817 2468 emere
841 2402 946 2485 pretio
970 2403 1115 2485 pretioso
1139 2401 1247 2476 uelim,

114 2509 224 2586 Quem
249 2509 380 2593 quidem
404 2531 463 2592 ego
487 2509 652 2576 hominem
676 2511 849 2594 irrigatum
871 2512 978 2594 plagis
1009 2510 1127 2594 pistori
1150 2509 1249 2586 dabo,

114 2618 192 2683 Nisi
215 2616 314 2682 hodie
337 2620 429 2701 prius
452 2619 671 2703 comparassit
694 2618 774 2684 mihi
797 2618 1017 2702 quadraginta
1040 2617 1154 2697 minae,

114 2725 226 2802 Quam
250 2727 376 2809 argenti
398 2725 490 2791 fuero
514 2725 664 2792 elocutus
687 2727 717 2791 ei
740 2731 938 2810 postremam
960 2726 1128 2810 syllabam.
1199 2743 1249 2794 125

589 2835 785 2919 optamus
945 2815 952 2832 '

116 2942 224 3006 Salus
246 2961 299 3005 res
324 2947 389 3023 est;
413 2943 497 3008 bene
519 2945 699 3026 promittit3
723 2965 831 3026 spero,
856 2941 1003 3007 seruabit
1026 2939 1133 3006 fidem.

116 3049 203 3115 Sine·
221 3070 295 3148 meo
318 3057 449 3133 sumptu
471 3057 609 3136 paratae
632 3053 696 3116 iam
720 3059 799 3117 sunt
821 3051 964 3136 scapulis
988 3050 1164 3132 symbolae.

116 3157 306 3241 Adgrediar
333 3157 506 3224 hominem.
558 3161 795 3224 Aduenientem
819 3179 955 3242 peregre
984 3179 1075 3223 erum
1105 3158 1247 3242 Stratip-

891 3264 1017 3350 poclem

117 3375 261 3457 inpertit
284 3373 391 3438 salute
414 3395 528 3440 seruos
552 3361 718 3460 Epidicus.

533 3483 837 3567 Stratippocles

770 3591 833 3657 Ubi
855 3591 884 3656 is
908 3591 979 3656 est?

586 3700 781 3781 Epidicus

1027 3806 1137 3871 Adest.

119 3911 255 3982 Saluom
278 3919 311 3978 te
333 3913 509 3980 aduenisse
537 3950 579 3960 -

187 4087 239 4154 111
258 4084 341 4138 datur
421 4087 470 4137 118
486 4085 627 4139 haberem.
648 4083 944 4139 STRATIPPOOLES
963 4083 1033 4138 Nam
1122 4085 1171 4136 120
1189 4081 1242 4135 dif-

124 4165 194 4222 ieror
211 4169 356 4238 diffatiger
433 4173 479 4224 121
499 4187 610 4224 mensos
688 4173 737 4224 126
754 4171 828 4225 idem
910 4172 958 4224 las
976 4187 1055 4224 erum
1074 4185 1153 4222 suum
1172 4169 1245 4220 stra·

124 4252 263 4322 tippoelen
280 4253 308 4306 B
379 4258 426 4310 129
446 4257 529 4311 Saloe
544 4255 672 4326 impertit
744 4259 792 4310 130
810 4261 837 4310 te
856 4255 965 4324 gaudeo
985 4255 1039 4308 hnc
1058 4253 1205 4308 aduenisse
