3030 5022
83 385 127 452 ΙΙ,
140 390 171 456 2,
187 391 292 442 14-29
582 389 765 444 Menaechmi.

533 577 806 644 Menaechmus
906 609 914 626 ·

132 751 139 762 ,
509 731 516 746 .
561 687 733 770 Responde
755 687 844 762 mihi,

87 793 319 864 Adulescens.
344 793 463 876 quibus
486 794 539 858 hie
562 797 678 878 pretiis
701 798 791 879 porei
822 802 967 861 ueneunt

87 901 235 974 Sacres,
259 902 400 965 sinceri?
674 894 679 904 '

562 1009 782 1094 Cylindrus

444 1118 604 1184 Nummis.

526 1251 809 1316 Menaechmus

648 1357 825 1424 Nummum
848 1381 868 1425 a
891 1381 940 1424 me
964 1361 1092 1442 aceipe3

89 1466 182 1530 Iube
209 1475 243 1530 te
266 1467 348 1549 pieri
373 1467 412 1532 de
436 1469 678 1557 meawpeeunia.

88 1569 186 1639 Ns'm
213 1575 363 1657 equidem
386 1577 535 1674 insanum
559 1597 630 1642 esse
652 1583 686 1641 te
709 1583 799 1642 cerie
823 1578 900 1654 sein,
1175 1593 1226 1645 290

92 1683 162 1760 Qui
188 1683 273 1747 mihi
296 1683 487 1761 molestus'e‚
511 1684 633 1749 homini
656 1685 777 1768 ignoto,
801 1685 948 1768 quisquis
971 1705 1014 1748 es.

554 1806 774 1893 Cylindrus
864 1837 877 1864 ο

93 1915 282 2000 Cylindrus
305 1937 365 1999 ego
389 1939 470 1982 sum.
499 1917 573 1982 Non
595 1921 684 1983 nosti
706 1940 823 1984 nomeu
846 1919 974 1982 meum?

524 2042 806 2109 Menaechmus

93 2149 163 2213 Seu
188 2157 230 2214 tu
253 2148 454 2233 Cylindrus's
477 2173 536 2217 seu
559 2149 769 2230 Coriendrus,
792 2141 939 2236 perieris.

95 2257 169 2340 Ego
195 2265 317 2322 tenen
341 2259 416 2324 noui
439 2279 545 2342 neque
568 2261 700 2326 nouisse
722 2261 804 2326 adeo
828 2261 913 2326 uolo.

557 2383 581 2450 0
615 2386 774 2451 lindrus

95 2491 159 2554 Est
184 2490 250 2556 tibi
272 2489 485 2558 Menaechmo
507 2409 635 2574 nomin,
665 2501 793 2559 tentum
817 2495 904 2578 qued
928 2496 1038 2559 seiam.
1161 2511 1225 2564 ·295

524 2620 800 2684 Menaechmus
863 2609 866 2623 '

95 2723 160 2788 Pro
186 2746 270 2790 seno
290 2727 446 2810 loqueris,
470 2748 568 2811 quom
591 2749 642 2794 me
666 2727 814 2812 adpelles
837 2729 975 2794 nomine.
1024 2708 1042 2736 ‘

97 2830 163 2896 Sed
189 2833 251 2898 ubi
272 2835 393 2900 nouisti
414 2837 487 2940 me?

557 2957 777 3045 Cylindrus

535 3068 598 3134 Ubi
622 3091 682 3154 ege
704 3076 738 3135 te
760 3070 929 3136 nouerim?

101 3171 165 3248 Qui
191 3177 330 3241 amicam
352 3176 477 3242 habeas
500 3197 588 3242 eram
611 3199 727 3259 meam,
751 3178 836 3244 hene
858 3179 1028 3245 Erotium?

524 3319 807 3386 Menaechmus

101 3419 218 3508 Neque
242 3427 350 3492 hercle
373 3447 433 3510 ego
455 3427 560 3493 habeo
583 3449 690 3512 neque
711 3435 754 3508 te,
779 3429 835 3512 qui
857 3429 954 3494 homo
977 3431 1031 3508 sis,
1056 3430 1132 3494 soie.

562 3569 776 3655 Cylindrus
974 3655 981 3670 .

104 3670 177 3739 Non
203 3678 277 3756 seis,
301 3679 375 3760 quis
398 3697 458 3760 ego
482 3680 553 3758 sim,
578 3681 633 3761 qui
656 3680 717 3745 tibi
740 3673 939 3764 saepissume
1176 3697 1227 3750 300

105 3778 275 3863 cyathisso
299 3787 388 3876 apud
410 3806 480 3866 nos,
504 3788 635 3870 quaudo
658 3789 779 3878 potas?

190 4024 241 4076 287
258 4024 343 4091 pretii
395 4023 512 4094 portio
562 4026 680 4080 ueniunt
733 4029 784 4080 288
803 4026 895 4081 Sacris
913 4027 1225 4082 ineeriuummis....s.
1272 4035 1278 4048 ¹

108 4099 141 4167 Β,
160 4104 256 4163 Ceim
271 4111 363 4177 spatio
465 4111 514 4164 291
534 4110 595 4178 quis
614 4109 713 4164 esciG
823 4115 874 4167 295
891 4112 1072 4167 meuaheemo
1176 4113 1226 4166 296

108 4183 192 4246 ΜΕΝ.
211 4210 261 4248 om.
331 4197 381 4249 297
399 4195 453 4248 cY.
472 4195 565 4250 em.0
640 4197 691 4250 299
709 4213 762 4266 ege
780 4213 830 4253 mn.
849 4197 900 4253 ΒΟ
972 4198 1033 4267 quis
1051 4195 1102 4254 BG
1176 4199 1249 4250 300·

109 4270 161 4328 ΟΥ.
178 4293 227 4334 om.
300 4281 336 4334 sis
416 4284 465 4335 301
486 4286 561 4336 totas

975 4391 1022 4448 12*
