2982 5012
298 409 339 470 50
810 403 902 458 Plauti

728 593 980 679 Periphanes

296 700 361 766 Cur
383 721 433 766 me
456 701 558 784 igitur
580 707 706 784 patrem
729 701 894 768 uetabas?

764 844 952 910 Fidicina

760 979 762 992 ·
792 951 864 1018 Tua
886 955 990 1019 istest
1012 953 1149 1037 culpast
1173 975 1239 1018 non
1265 975 1344 1018 mea.
1363 971 1407 1021 ess

296 1059 323 1122 N
327 1079 368 1124 on
385 1063 512 1142 patrem
530 1077 589 1140 ego
606 1065 640 1124 te
657 1063 828 1140 nominem,
847 1061 903 1126 ubi
915 1067 951 1126 ta
963 1067 1056 1126 tuam
1068 1083 1118 1126 me
1130 1062 1280 1145 appelles
1293 1061 1406 1126 filiam?

293 1147 388 1230 tiana
411 1183 539 1250 quoque
563 1167 671 1244 etiam,
698 1171 799 1234 sime
823 1167 966 1252 appellet
987 1167 1098 1248 fiiiam,
1122 1175 1261 1234 matrem
1285 1189 1405 1234 uocem:

264 1247 400 1357 ⁶Negat
416 1271 506 1352 haee,
524 1273 624 1340 filiam
641 1297 692 1342 me
710 1297 801 1342 suam
813 1297 898 1356 esse3
921 1297 985 1344 nou
997 1297 1074 1360 ergo
1086 1277 1168 1341 haee
1180 1285 1288 1342 mater
1301 1287 1405 1340 meast.

295 1381 462 1448 Postremo
485 1380 567 1448 haee
589 1404 662 1450 mea
684 1383 782 1467 eulpa
798 1405 864 1449 non
882 1392 947 1463 est;
971 1403 1053 1468 quae
1072 1385 1183 1463 didici,
1207 1385 1275 1450 dixi
1295 1387 1405 1450 omnia.

297 1489 452 1573 Epidicus
475 1490 552 1554 mihi
576 1491 638 1557 fuit
660 1493 825 1574 magister.
1215 1485 1224 1504 '
1461 1495 1462 1552 i

730 1632 979 1717 Periphanes

853 1741 948 1817 Perii,
971 1743 1149 1826 plaustrum
1171 1742 1320 1825 perculit.
1340 1757 1388 1808 590

757 1882 947 1949 Fidicina

295 1989 380 2054 Num
404 1989 482 2073 quid
506 2011 565 2072 ego
588 1989 645 2066 ihi,
667 2001 770 2073 pater,
793 1991 950 2074 peccaui?

727 2131 978 2214 Periphanes
1036 2111 1038 2116 Ι

454 2335 456 2344 Ι
829 2239 860 2304 Si
884 2239 993 2306 hercle
1015 2248 1049 2304 te
1071 2261 1227 2322 nmquam
1250 2239 1405 2304 audiuere

294 2345 346 2412 Me
368 2352 497 2432 patrem
520 2365 649 2426 nouare,
671 2347 774 2412 uitam
797 2353 889 2412 tuam
913 2367 973 2431 ego
996 2349 1188 2416 interimam.

758 2463 948 2553 esuriens

1217 2596 1291 2662 Nan
1314 2613 1399 2659 uoco.

297 2705 357 2770 t'bi
380 2705 471 2771 uoles
493 2711 589 2790 pater
612 2723 694 2782 sese,
716 2701 763 2767 ibi
786 2709 871 2784 est03
894 2703 951 2767 nbi
973 2703 1073 2782 noles,
1096 2725 1136 2770 ne
1159 2703 1261 2770 fueris
1284 2711 1380 2787 pater.

755 2845 863 2910 Phili
929 2867 949 2910 a

295 2953 401 3032 Quid?
424 2951 465 3019 ob
483 2974 555 3019 eam
572 2973 641 3052 rem
657 2951 741 3018 hane
759 2867 972 3036 emistifduia
988 2960 1080 3018 tuam
1096 2961 1229 3034 gnatam
1247 2974 1282 3018 es
1295 2953 1401 3018 ratus?

295 3061 418 3141 Quibus
441 3062 481 3126 de
505 3062 605 3143 signis
628 3061 851 3144 agnoscebas?

728 3201 976 3286 Periphanes

894 3307 1008 3374 Nullis.

758 3451 945 3536 Philippa

1057 3557 1164 3635 Quare
1185 3557 1286 3624 filiam
1355 3567 1400 3623 sat

296 3667 474 3734 Credidisti
496 3668 662 3734 nostram?

608 3823 612 3832 .
717 3773 975 3858 'Periphanes

709 3881 825 3947 Seruos
847 3881 1002 3966 Epidicus
1025 3881 1108 3947 dixit
1131 3881 1219 3946 mihi.
1330 3879 1337 3894 '

326 4037 516 4046 ...ω-.-

287 4167 290 4176 ,
364 4109 482 4163 589-92
500 4107 586 4162 trahea
604 4108 726 4162 veatae
743 4107 770 4162 Β
830 4109 881 4162 590
898 4107 1033 4177 Magister
1051 4105 1105 4162 fuit
1164 4112 1288 4162 austrum
1304 4096 1396 4174 pertuli
1452 4121 1463 4142 π

295 4197 343 4249 tat
362 4199 443 4264 pater
459 4193 574 4263 peccaui
593 4209 642 4248 aaa
661 4192 688 4247 Β
753 4193 888 4247 audiuere
906 4209 957 4248 asa.
975 4193 1003 4246 B
1062 4193 1114 4247 598
1131 4208 1191 4246 esse
1209 4198 1289 4262 pater
1305 4181 1397 4243 ested

294 4281 345 4334 594
362 4297 392 4334 aa
410 4295 460 4335 arn.
478 4278 506 4334 Β
565 4279 684 4333 tet-97
701 4292 754 4333 om.
773 4278 801 4330 A
