2982 5012
262 341 301 402 56
426 415 436 436 ·
775 335 868 390 Plauti
1180 337 1213 406 V,
1225 342 1246 405 l,
1255 339 1381 407 lle-m

667 523 970 610 Stratippocles

260 617 405 719 Epidici,
428 632 535 700 necor
556 665 599 678 -

719 715 916 803 Epidicus

630 825 692 890 Abi
715 825 802 890 iutro
824 846 864 890 ac
885 826 963 892 iube
986 826 1061 892 huic
1084 847 1204 911 aquam
1227 825 1385 892 calefieri.

262 935 379 1001 Cetera
399 933 481 999 heec
503 933 669 1017 posterius
691 931 766 998 laxo
790 932 899 1012 scibis,
921 933 979 1000 ubi
1002 936 1066 1001 erit
1087 937 1201 1000 otium.

555 1051 559 1062 ’
669 1039 970 1126 Stratippocles

154 1171 162 1190 ·
263 1151 404 1235 Sequere
427 1169 488 1230 me,
511 1170 613 1230 soror,
637 1149 708 1216 hnc.

720 1233 918 1342 Epidicus
1012 1322 1029 1360 δ
1308 1329 1321 1348 ,

474 1439 481 1452 ,
689 1365 758 1448 Ego
782 1366 823 1430 ad
848 1387 906 1432 uos
928 1365 1162 1450 Thesprionem
1183 1368 1316 1432 iussero
1335 1384 1389 1436 655

263 1475 334 1540 Huc
353 1467 506 1540 transire.
552 1471 616 1536 Sed
638 1481 810 1552 memento,
834 1475 861 1538 si
885 1474 963 1556 quid
986 1475 1160 1540 s'aeuibuut
1183 1497 1289 1552 senes

262 1571 437 1669 Suppeti'as
460 1581 539 1646 mihi
562 1600 635 1645 cum
658 1601 769 1645 sorore
791 1579 886 1647 ferre.

669 1685 971 1772 Stratippocles

937 1797 1047 1864 Facile
1068 1799 1155 1862 istuc
1177 1800 1250 1863 erit.

723 1904 918 1987 Epidicus

264 2014 434 2099 Thesprio,
452 2014 504 2078 exi
522 2015 605 2077 istac
623 2033 682 2096 per
699 2012 848 2092 hortum;
871 2011 964 2078 adfer
975 2012 1275 2099 domumauxilium
1289 1997 1391 2092 mihi,

262 2123 412 2206 Magnast
433 2141 495 2186 res.
518 2155 561 2165 -
582 2119 720 2186 Minoris
743 2121 846 2186 multo
869 2121 954 2186 facio
985 2140 1082 2202 quam
1105 2120 1226 2185 dudum
1249 2141 1359 2186 senes.
1461 2146 1465 2154 ·

264 2231 427 2296 Remeabo
451 2230 548 2307 intro,
571 2233 608 2293 ut
631 2226 831 2294 adorirentur
853 2229 1064 2294 aduenientes
1086 2227 1266 2314 hospites·
1337 2247 1392 2299 cco

264 2337 386 2404 Eadem
408 2336 491 2403 haec
513 2336 601 2401 intus
624 2319 776 2413 edocebo,
806 2357 889 2419 quae
912 2357 972 2419 ego
996 2337 1072 2416 scio,
1096 2335 1368 2420 Stratippoclem.

178 2495 181 2502 .
263 2447 334 2512 Non
357 2445 462 2528 fugio,
491 2443 579 2510 domi
601 2444 716 2509 adesse
739 2450 912 2520 certumst,
940 2465 1046 2530 neque
1068 2444 1124 2510 ille
1146 2445 1235 2510 haud
1260 2445 1392 2510 obiciet

319 2568 323 2576 '
1026 2554 1115 2632 mihi,

264 2661 405 2728 Pedibus
417 2680 487 2725 sese
500 2666 724 2744 prouocatum.
758 2658 848 2760 Abeo
866 2660 967 2740 intr03
989 2662 1086 2726 nimis
1104 2661 1386 2743 longum-loquor.

711 2873 939 2891 ——n—-A——.

409 3031 688 3099 PERIPHANES.
733 3031 979 3100 APOEOIDES.
1024 3032 1233 3100 EPIDIGUS.

697 3186 952 3270 Periphanes

264 3297 377 3362 Satine
400 3295 468 3360 illio
491 3293 587 3360 homo
610 3293 751 3358 ludibrio
774 3315 833 3360 nos
857 3295 984 3362 uetulos
1008 3297 1192 3381 decrepitos
1216 3295 1301 3362 duos

264 3405 397 3469 Habet?

709 3488 935 3570 Apoecides

390 3597 492 3662 Immo
516 3595 633 3679 edepol
654 3601 692 3660 tu
715 3583 847 3680 quidem
871 3598 1022 3662 miserum
1045 3587 1120 3661 m'ed
1134 3597 1237 3661 habes
1256 3598 1387 3662 miseris

972 3697 975 3704 ’
1026 3705 1141 3769 modis.
1336 3721 1388 3775 666

331 3875 381 3927 664
399 3873 448 3928 ubi
465 3887 515 3927 orn.
535 3873 563 3926 B
641 3874 691 3926 666
709 3873 761 3927 hac
778 3891 823 3928 me
842 3891 922 3930 soror
939 3875 967 3928 B
1034 3875 1084 3927 666
1103 3874 1220 3928 eaeuiuit
1236 3875 1271 3941 A,
1291 3876 1384 3930 saeui·

264 3965 314 4012 unt
330 3958 357 4014 Β
418 3973 502 4012 senex
519 3957 547 4010 A
604 3959 655 4012 667
674 3955 789 4028 Supcias
848 3961 898 4012 668
917 3967 1011 4014 ortum
1063 3963 1113 4013 669
1127 3957 1244 4027 Magnes
1257 3965 1317 4014 tres

262 4043 347 4098 lecito
416 4059 501 4098 senex
569 4043 618 4096 661
635 4042 688 4097 hac
705 4043 739 4106 R
803 4045 853 4098 663
870 4043 961 4099 habeo

537 4125 654 4181 SENES
671 4127 705 4180 II.
743 4126 890 4184 SERVVS.
926 4129 1069 4184 numus
1085 4128 1113 4183 B

263 4216 314 4269 664
332 4214 380 4267 ille
397 4213 444 4268 hic
463 4211 547 4268 homo
566 4212 702 4267 ludribrio
772 4215 823 4268 666
840 4231 884 4269 me
