2982 5014
284 377 345 440 358
753 371 936 428 Mostellaria

282 565 414 644 mihique
430 571 557 644 gratum,
574 567 600 625 si
611 586 658 624 me
669 566 707 625 de
718 565 763 626 his
780 566 868 626 rebus
881 611 888 626 .
901 611 909 626 .
923 611 930 626 .
942 567 1049 628 feceris
1060 563 1251 626 certiorem“.
1262 566 1317 640 xl,
1329 571 1359 640 7,
1372 571 1405 626 7:

287 667 389 742 „Quod
407 668 532 742 litt-erus,
556 667 663 746 quibus
680 673 768 748 putes
785 688 861 747 opus
883 689 956 742 esse,
981 688 1066 729 cures
1089 669 1212 744 denum,
1234 669 1309 728 fucis
1330 689 1408 728 com-
1475 671 1476 734 l

282 767 398 830 mode“.
418 799 462 811 -
482 763 572 830 Bene
594 765 728 843 ambulo,
750 791 778 831 v.
803 770 840 830 ed
862 771 946 830 Asin.
973 773 1043 832 107.
1065 799 1109 812 -
1135 772 1208 832 838.
1234 765 1354 850 aliquis
1371 771 1406 831 R.
1475 837 1476 860 χ

159 889 161 897 ·
281 871 349 932 edri
374 901 415 914 -
437 873 508 934 839.
532 867 602 946 etot,
625 875 774 950 quumvis,
799 894 825 934 v.
851 875 921 935 599.
950 903 993 914 -
1027 875 1098 933 840.
1123 865 1199 934 Nor·
1221 879 1280 934 cet.
1326 877 1406 934 Ante

282 976 345 1035 hee
367 974 489 1034 auditur
510 976 572 1036 tulo
592 975 679 1070 quid':
707 975 791 1036 Intro
814 975 972 1048 cudecter3
1006 977 1069 1036 noli
1091 976 1244 1054 postulare
1266 983 1304 1035 ut
1327 979 1408 1036 cunis

284 1077 432 1155 ebigctur.

369 1381 548 1444 Callidemus
581 1404 682 1445 servos
716 1405 786 1446 suos
820 1385 859 1444 sd
891 1385 1123 1446 Philolachetem
1156 1385 1214 1444 sibi
1250 1384 1410 1444 adversum

281 1489 382 1546 venire
415 1490 543 1546 iusserat
572 1482 673 1564 (306).
717 1488 807 1548 Venit
838 1507 914 1546 nnus
946 1487 1123 1561 Phronimus,
1159 1488 1253 1546 ceteri
1282 1491 1409 1546 cessent.

282 1589 367 1648 Alter
393 1594 493 1648 tumim
519 1591 608 1669 psulo
637 1595 706 1668 post
735 1583 824 1666 (868)
847 1609 962 1668 penem
984 1596 1119 1650 metuens
1147 1607 1214 1650 eum
1236 1589 1410 1666 assequitur

283 1710 525 1770 communemque
559 1711 625 1752 cum
658 1711 694 1752 eo
722 1712 843 1772 operam
871 1699 1006 1770 prestet.
1064 1691 1191 1750 Nomine
1224 1693 1257 1750 in
1285 1691 1311 1750 B
1338 1691 1410 1750 huic

283 1813 377 1853 scente
405 1797 608 1874 suprascripte
640 1795 717 1854 isles
748 1799 827 1853 suut.
888 1793 1050 1854 Phuniseus
1083 1797 1198 1854 cantico
1226 1787 1407 1870 (842-87)
1475 1815 1476 1826 ’

283 1898 433 1972 ingenium
476 1917 562 1956 suum
607 1899 738 1976 exponit.
767 1896 912 1974 bonaeque
951 1897 1031 1972 frugi
1070 1915 1173 1955 servos
1212 1915 1275 1974 pree
1319 1897 1408 1954 melis
1475 1889 1476 1936 ἶ

283 2005 314 2058 et
335 1998 476 2075 improbis
499 1999 611 2060 laudet.
672 1997 826 2058 Canticum
856 2018 873 2056 s
899 2001 992 2058 variis
1023 2000 1166 2075 incipieus
1198 2001 1331 2057 numeris
1352 2019 1407 2056 neo
1475 2007 1476 2080 l

282 2121 400 2178 sempor
430 2102 519 2160 certis
546 2123 564 2160 c
591 2121 618 2160 v.
644 2101 788 2160 851-85
817 2102 879 2160 fere
905 2101 1070 2160 becchiscis
1099 2106 1129 2158 et
1163 2101 1282 2159 creticis
1312 2107 1407 2158 tetra·

283 2207 389 2264 metris
411 2203 614 2280 componitur;
636 2203 671 2263 R.
690 2203 838 2280 quomodo
860 2204 1053 2276 ordinaverit,
1076 2201 1177 2276 videos
1200 2202 1281 2279 opud
1297 2203 1406 2279 ipsum.
1475 2211 1476 2250 ἐ

284 2307 377 2366 Primi
411 2311 472 2363 tres
500 2324 602 2365 versus
634 2309 665 2364 in
694 2305 767 2364 duos
796 2307 910 2365 redacti
938 2306 1079 2383 leguntur
1107 2306 1198 2364 etism
1227 2304 1309 2363 Men.
1340 2310 1408 2383 post

286 2410 348 2468 984
371 2428 388 2466 e
410 2408 521 2468 lectore
543 2408 620 2468 mele
642 2407 732 2466 sciolo
755 2408 906 2487 adscripti.
959 2409 1031 2480 842,
1055 2409 1105 2484 qui
1123 2407 1205 2466 selus
1222 2408 1253 2464 in
1269 2408 1297 2466 A
1315 2407 1408 2466 lectus

286 2516 339 2584 est,
364 2517 394 2568 et
416 2512 459 2570 its
481 2511 599 2589 quidem
621 2515 656 2568 ut
678 2529 696 2568 e
719 2512 826 2568 ceteris
848 2509 923 2568 nihil
945 2509 1066 2570 differet
1088 2507 1407 2586 (Studem.Festgrnss

284 2635 314 2693 p.
333 2611 397 2687 45),
421 2617 539 2674 constet
560 2634 597 2671 ex
618 2612 745 2672 dimetro
762 2613 899 2686 iambico,
923 2611 1046 2689 dipodie
1064 2611 1190 2672 iambica
1206 2611 1406 2689 troohreoque,

285 2736 313 2776 v.
336 2715 468 2778 Studem.
492 2717 511 2775 l.
536 2717 554 2774 i.
579 2735 608 2792 p.
634 2717 672 2774 53
697 2721 729 2774 et
750 2714 863 2775 (lentio.
885 2737 915 2794 p.
941 2717 995 2788 30,
1024 2717 1101 2774 ulter
1121 2716 1258 2772 trimeter
1280 2717 1407 2772 creticus

285 2824 340 2878 est.
374 2820 481 2879 curem
491 2825 572 2878 recte
584 2819 625 2891 A3
652 2814 784 2889 „ceriut“
800 2816 875 2877 nihil
890 2823 944 2876 est.
979 2815 1219 2894 Exspectuhetur
1234 2814 1405 2889 „oereunt“,

285 2923 379 2981 etsie
407 2922 505 2980 voluit
525 2901 653 2979 Miillers
668 2920 750 2980 Pros.
772 2940 802 2997 p.
830 2922 889 2978 122
913 2940 957 2996 sq.
980 2938 1028 2979 vv.
1053 2917 1200 2979 842-44
1224 2918 1299 2978 duos
1322 2925 1404 2978 ootc·

285 3025 386 3082 uarios
408 3023 548 3084 iambicos
576 3024 700 3095 faciens,
735 3021 859 3095 Christ,
891 3021 1093 3096 Sitznugsher.
1118 3021 1146 3079 d.
1168 3019 1292 3079 Miinch.
1316 3020 1405 3080 uod.

288 3127 367 3184 1871
391 3147 420 3206 p.
444 3127 484 3184 43
508 3127 704 3203 snspaesticos
725 3143 830 3183 versus
849 3127 1044 3184 constituens.
1088 3121 1145 3182 Sed
1164 3129 1198 3180 ut
1216 3117 1304 3199 hpud
1322 3123 1405 3181 Pleu·
1475 3163 1476 3202 p

285 3233 350 3287 t-um
384 3228 500 3285 oensole
533 3243 624 3305 quom
651 3248 710 3287 nou
746 3247 815 3286 rsro
844 3247 910 3286 cum
940 3226 1102 3286 indicativo
1130 3225 1285 3299 iungitur,
1320 3245 1349 3284 r.
1371 3225 1407 3283 ed
1475 3217 1476 3256 ³

285 3329 393 3406 Amph.
418 3330 489 3402 746,
512 3333 556 3388 its
578 3333 669 3390 etism
692 3331 902 3400 concessivum,
926 3329 962 3388 cf.
982 3327 1073 3388 Stich.
1091 3329 1168 3388 740:
1196 3327 1296 3400 „Bene
1319 3347 1405 3405 quom

286 3433 369 3492 lcuts
395 3437 476 3491 terso
504 3439 611 3492 ornets
637 3431 751 3505 homst,
785 3431 925 3491 infectest
952 3427 1079 3490 tumen“.
1135 3429 1203 3488 Ter.
1227 3429 1305 3490 Eun.
1330 3431 1405 3488 243:

289 3533 380 3610 „nihil
408 3553 497 3611 quom
525 3542 585 3610 sot,
617 3535 692 3594 nihil
723 3533 794 3592 defit
823 3531 953 3592 temen“.
998 3531 1095 3591 Pleut.
1119 3529 1191 3592 cist.
1219 3535 1245 3591 l.
1272 3561 1310 3573 -
1335 3532 1404 3592 843.

284 3631 318 3697 Ii
334 3633 392 3712 (vel
415 3633 476 3710 „i“)
498 3637 734 3714 monosyllabum
754 3634 843 3712 Scyll.
856 3635 942 3696 siud.
954 3655 985 3712 p.
1001 3636 1048 3707 17,
1068 3633 1200 3694 Studem.
1213 3635 1323 3694 Anuel.
1335 3634 1404 3714 phii
1475 3617 1476 3678 l

286 3739 382 3798 OXHI
398 3761 428 3818 p.
451 3739 506 3814 643
529 3759 558 3800 v.
570 3739 651 3800 Prol.
670 3759 700 3816 p.
719 3739 790 3796 212.
819 3737 924 3797 Bacch.
943 3738 1014 3797 546.
1043 3735 1212 3813 capulis.
1242 3737 1404 3796 Meum
1475 3751 1476 3780 1

285 3871 327 3884 -
344 3836 480 3916 utibiles,
502 3843 601 3916 utiles,
625 3843 732 3920 saepius
749 3841 882 3913 Plautus,
906 3845 996 3917 etque
1015 3841 1104 3897 etium
1121 3838 1188 3898 Ter.
1202 3838 1323 3900 Phorm,
1337 3841 1405 3900 690.

284 3975 329 3987 -
352 3947 413 4004 844
447 3943 589 4018 Studem„
623 3951 656 4003 ut
689 3945 790 4003 versui
824 3943 884 4000 842
919 3943 1048 4007 similem
1079 3940 1232 4014 redderet,
1273 3943 1404 4020 scripsit:

288 4047 382 4124 „Nem
417 4049 444 4106 ei
473 4050 525 4124 qui
555 4046 598 4106 nil
627 4052 763 4105 metuont
791 4051 896 4123 posteo
925 4063 1015 4121 quam
1045 4048 1114 4102 suut
1146 4043 1256 4102 melum
1289 4039 1402 4102 meriti“

288 4144 417 4226 (Festgr.
440 4169 469 4225 p.
495 4145 557 4222 55).
588 4179 629 4188 -
658 4151 717 4208 845
746 4147 872 4206 dimeter
900 4145 1077 4205 trochaicus.
1105 4173 1148 4184 ·-
1178 4146 1238 4204 846
1267 4147 1403 4204 incertus.
1475 4219 1476 4232 χ

286 4251 381 4326 Bugg.
393 4253 572 4328 permutetis
590 4249 704 4310 dnobus
722 4251 863 4309 extremis
880 4249 1002 4308 vocibus
1022 4248 1207 4306 octonarium
1223 4247 1403 4308 trocheicum
