2976 5018
591 411 756 468 Cistellaria

524 602 814 668 Phanostrata

440 709 525 787 Quid
548 711 620 792 agis
642 710 717 776 hio?

558 853 780 937 Lampadio

744 959 838 1037 Quod
862 963 1017 1045 gaudeas.

528 1081 806 1147 Phanostrata

98 1167 192 1245 Quid
217 1165 251 1230 id
277 1167 347 1232 est?

561 1285 780 1370 Lampadio

378 1395 463 1460 Hine
485 1416 525 1460 ex
547 1395 637 1460 hisee
661 1395 800 1460 aedibus
823 1396 923 1479 paulo
948 1399 1039 1481 prius

99 1503 183 1569 Uidi
207 1511 380 1570 exeuntem
403 1504 583 1569 mulierem.

527 1644 807 1711 Phanostrata

623 1754 727 1834 illam,
750 1776 834 1838 quae
859 1777 965 1822 meam

99 1862 252 1928 Gnatam
277 1863 477 1928 sustulerat?

557 1998 779 2085 Lampadio

509 2107 590 2172 Rem
612 2115 715 2174 tenes.

542 2251 795 2318 Phaostrata

730 2461 734 2470 Ι
755 2359 842 2438 Quid
864 2361 1004 2446 postea?

556 2502 778 2586 Lampadio

101 2612 187 2678 Dioo
211 2611 252 2690 si,
276 2630 342 2695 quo
365 2618 464 2694 paeto
485 2631 559 2677 eam
581 2611 623 2677 ab
646 2611 865 2696 hippodromo
888 2613 1027 2678 uiderim

101 2721 227 2786 Erilem
248 2718 352 2784 filiam
373 2725 520 2784 nostram
545 2719 729 2786 sustollere.

102 2829 268 2894 Extimuit
289 2834 359 2893 tum
381 2827 448 2892 illa.

563 2971 767 3040 Melaenis

480 3074 603 3144 Horret
627 3101 754 3164 eorpus,
779 3101 836 3147 eor
859 3079 951 3162 salit;
1015 3117 1019 3128 ν

102 3190 188 3254 Nam
211 3188 292 3253 mihi
315 3187 357 3252 ab
380 3185 598 3271 hippodromo
623 3191 756 3253 memini
779 3188 890 3256 afferri
913 3189 1084 3274 paruolum

103 3297 261 3377 Puellam,
284 3316 421 3378 eamque
444 3315 495 3360 me
519 3296 598 3360 mihi
622 3317 818 3380 supponere.

524 3437 805 3506 Phanostrata

106 3549 183 3630 Age,
206 3567 315 3630 perge,
339 3569 476 3630 quaes03
499 3549 628 3613 animus
653 3549 769 3614 audire
792 3549 928 3632 expetit,

107 3655 223 3724 Utres
246 3657 291 3722 sit
313 3665 416 3738 gesta.

564 3775 765 3842 Melaenis

335 3958 337 3966 γ
453 3883 587 3949 Utinam
611 3885 725 3949 audire
750 3908 812 3950 non
837 3886 955 3969 queas!
1179 3902 1231 3952 880

188 4139 235 4190 37]
257 4136 366 4188 axeisoe
385 4132 422 4200 B,
441 4135 548 4188 exeisoe
566 4133 597 4188 E
727 4135 778 4187 372
796 4133 870 4187 uidei
887 4133 918 4187 Ε
1049 4134 1182 4202 illamqua
1201 4133 1231 4186 E

111 4222 155 4275 373
172 4223 227 4275 iam
245 4237 303 4275 rem
321 4221 342 4274 I
407 4223 458 4274 374
476 4219 645 4289 hipodromo
665 4221 792 4286 (seraper)
863 4221 913 4272 376
930 4217 987 4274 ΡΗ.
1005 4217 1147 4272 Extimuit
1165 4217 1229 4286 BE,

112 4305 154 4358 Pil
175 4307 332 4362 EtimuitI
386 4305 537 4360 haldiam
556 4303 709 4359 horretIE
765 4305 816 4358 379
834 4322 923 4373 quoso
943 4303 972 4358 Ε
1024 4307 1075 4358 380
1092 4310 1171 4373 gesta
1190 4304 1226 4355 sit
