3030 5050
265 303 304 363 aa

265 489 371 570 Surgo
393 495 431 552 ut
452 489 486 552 in
509 508 581 554 earn
604 489 637 552 in

264 599 371 681 Atque
393 595 483 660 illam
506 597 538 662 in

712 713 944 781 Cleostrata

264 823 436 908 Perlepide
458 833 573 889 narrat

727 959 915 1068 Olympio

265 1069 400 1136 Sunium
1005 1122 1007 1128 .

266 1180 318 1243 Ita
340 1179 435 1263 quasi
458 1179 537 1242 netis
561 1177 655 1242 lubra
678 1175 757 1241 mihi
780 1177 962 1259 conpungit
983 1176 1094 1241 burba.

266 1287 428 1353 Continuo
448 1287 482 1350 in
500 1307 606 1370 genua
622 1288 762 1351 astituto
779 1292 895 1369 pectus
912 1284 991 1349 mihi
1009 1284 1147 1367 pedibus
1166 1285 1311 1368 perculit.
1329 1301 1383 1354 ato

266 1394 389 1460 Deoido
413 1393 453 1458 de
477 1394 562 1459 leoto
586 1415 761 1477 praeceps;
785 1392 929 1473 subsilit;
953 1393 1106 1459 obtundit
1128 1415 1165 1458 os
1188 1394 1276 1458 mihi.

265 1504 345 1568 Inde
368 1503 456 1568 foras
478 1505 599 1568 tacitus
622 1501 797 1586 proficiens
821 1522 900 1566 exeo
924 1523 995 1567 oum
1020 1509 1138 1568 ornatu
1161 1523 1227 1585 quo
1250 1503 1347 1578 uides,

264 1611 309 1676 Ut
332 1632 429 1678 senex
452 1612 514 1677 hoo
537 1611 652 1676 eodem
675 1610 802 1695 poculo,
826 1631 891 1694 quo
915 1631 973 1692 ego
996 1611 1073 1691 bibi,
1095 1609 1232 1676 biberet.

713 1764 947 1830 Cleostrata

1163 1871 1302 1956 Optume
1323 1879 1381 1936 eet.

267 1983 330 2048 Sed
354 1982 409 2048 ubi
435 1989 487 2048 eet
510 1982 678 2066 palliolum
700 1981 815 2046 tuum?

737 2134 921 2218 Olympio

850 2241 911 2306 Hio
932 2243 1021 2308 intus
1043 2242 1170 2326 reliqui.

709 2396 948 2462 Cleostrata

268 2504 486 2583 Quidnam?
531 2505 624 2572 Satin
647 2505 756 2590 lepide
779 2505 871 2570 aditu
894 2511 943 2569 est
964 2505 1059 2571 uobis
1082 2505 1218 2572 manuel

735 2658 917 2744 Olympio

1189 2767 1318 2833 Merito.
1338 2781 1387 2834 865
1480 2777 1481 2810 l

268 2875 332 2942 Sed
355 2885 618 2960 concrepuerunt
639 2876 744 2956 lores3
767 2896 844 2940 num
866 2874 924 2940 illa
947 2897 997 2940 me
1020 2897 1107 2941 nuno
1130 2876 1302 2961 sequitur?

646 3271 787 3338 SENEX
875 3271 1009 3338 EIDEM

710 3462 944 3545 Lysidamue

268 3572 421 3636 Maxumo
444 3590 504 3652 ego
527 3571 628 3636 ardeo
651 3569 775 3654 flagitio
798 3591 859 3634 neo
882 3569 962 3651 quid
978 3589 1076 3650 agam
1095 3573 1177 3636 meis
1194 3571 1293 3637 rebus
1310 3573 1384 3647 ecio,

267 3678 335 3744 Neo
368 3699 474 3743 meam
508 3685 546 3742 ut
578 3700 712 3744 uxorem
746 3679 903 3761 aspiciam
938 3679 1003 3742 tom
1036 3685 1152 3743 eontra
1184 3679 1301 3772 oonliej
1340 3682 1385 3744 ita

983 3786 1145 3870 dispudet,
1201 3797 1208 3809 '

274 3925 480 3935 —-..-—-·-—-·-1

351 4025 403 4080 859
421 4025 528 4092 quamsi
545 4025 576 4079 E
663 4025 769 4080 labrem
856 4028 907 4080 860
926 4027 1036 4080 aetituti
1053 4025 1107 4096 131,
1128 4027 1212 4080 netuli
1231 4026 1261 4081 E
1337 4029 1386 4082 862

267 4107 450 4180 preficienuB
467 4109 670 4180 praefitienaE
717 4129 765 4166 sex
779 4129 812 4167 eo
827 4109 857 4164 E
907 4111 1065 4166 Sfibnddita
1116 4113 1388 4181 Sbboouorepuerel

267 4198 318 4251 867
337 4213 404 4266 ergo
423 4195 481 4250 BE
546 4197 597 4251 868
615 4197 670 4251 iam
689 4213 738 4252 om.
818 4196 932 4265 disperii
