2982 5004
752 441 759 454 Ι
775 377 866 432 Plauti

732 569 921 634 Matrona

471 677 517 744 Ta
540 679 622 744 soiro
645 683 785 762 oportet.

713 806 935 875 Peniculus

806 917 889 996 Soit3
911 915 968 982 sod
991 915 1178 982 dissimulat
1200 919 1317 984 malus.
1343 935 1398 987 595

529 1135 533 1144 Ι
683 1047 964 1114 Menaechmus

269 1155 353 1234 Quid
377 1139 539 1238 negotist?
1046 1143 1051 1155 ’

729 1264 916 1330 Matrona

520 1373 645 1440 Pallam
664 1409 707 1419 —

684 1501 957 1570 Menaechmus

688 1611 840 1678 Pallam?

726 1743 915 1809 Matrona

832 1849 972 1930 Quidam
994 1852 1117 1936 pallam
1136 1889 1176 1898 —

706 1975 926 2050 Peniculus

1147 2089 1232 2168 Quid
1255 2095 1388 2177 panos?

677 2199 959 2266 Menaechmus

258 2309 348 2376 Nihil
370 2309 519 2394 equidem
542 2330 646 2392 paueo
669 2309 732 2374 nisi
753 2301 868 2374 unum:
891 2307 981 2392 palla
1002 2307 1162 2392 pallorem
1185 2309 1328 2396 incutit..

709 2437 929 2504 Peniculus

151 2553 153 2558 ’
259 2548 303 2614 At
325 2553 361 2614 tu
383 2570 424 2615 no
447 2548 530 2615 olam
552 2569 603 2612 mo
626 2567 788 2614 oomossos
810 2547 991 2631 prandium.
1015 2583 1056 2594 —
1078 2549 1182 2631 Perge
1205 2549 1238 2612 in
1261 2549 1379 2612 uirum.

678 2677 960 2746 Menaechmus

260 2787 335 2854 Non
357 2789 471 2854 tatas?
564 2813 568 2825 ·
740 2781 744 2792 ’

707 2893 928 2961 Peniculus

508 3003 582 3069 Non
604 3003 714 3069 hercle
736 3025 815 3069 uoro
837 3010 943 3070 taceo.
965 3039 1009 3050 -
1030 3003 1144 3084 Nutat,
1165 3025 1206 3070 na
1229 3005 1350 3088 loquar.

676 3133 958 3201 Menaechmus

259 3241 331 3308 Non
354 3241 467 3308 herola·
486 3264 545 3326 ogo
563 3242 695 3326 quidem
712 3263 854 3327 usquam
872 3243 1051 3329 quidquam
1067 3250 1147 3311 nuto
1165 3264 1270 3328 nequo
1288 3245 1373 3310 nioto

1022 3351 1092 3418 tibi.
1324 3371 1373 3424 600

722 3482 911 3549 Matrona
1135 3450 1143 3464 θ

260 3589 311 3655 No
334 3611 394 3674 ago
417 3597 545 3657 ecastor
566 3591 683 3657 mulier
706 3592 834 3656 misera.

675 3743 957 3812 Menaechmus
1114 3825 1122 3842 ·

795 3853 858 3931 Qui
879 3860 917 3919 tn
939 3857 1059 3921 misero
1081 3876 1123 3935 os,
1146 3853 1226 3919 mihi
1248 3853 1366 3938 expedi.

259 4007 482 4016 ——.-.--—-.-..

343 4091 394 4144 nat
411 4091 449 4144 sit
517 4089 704 4145 sodissimnlat
721 4089 755 4160 B,
775 4091 849 4146 sedis
869 4092 970 4146 rimula
988 4091 1011 4146 0
1068 4067 1136 4147 '596
1153 4092 1256 4162 pallam
1272 4092 1365 4161 pallam

258 4174 372 4243 quidam
433 4177 483 4230 599
499 4175 584 4256 paulo
645 4177 696 4230 598
713 4193 766 4232 neo
783 4177 839 4231 iam
895 4180 946 4232 599
964 4178 1100 4232 nouato
1140 4179 1205 4238 ,601
1225 4176 1368 4248 egastort'
1432 4257 1435 4265 Ι

327 4277 443 4316 miseras
