2982 5012
175 391 177 396 ·
193 377 233 438 60
704 367 795 423 Plauti

625 557 874 642 Periphanes

193 668 298 746 Quam
322 672 421 751 negat
443 667 575 732 nouisse
597 667 723 732 mater?

652 789 850 874 Epidicus

772 896 814 962 Ni
837 917 913 981 ergo
936 899 1051 963 matris
1068 896 1185 974 filiast,

91 987 96 996 ’
192 1011 227 1076 ln
252 1030 358 1074 meum
381 1029 558 1084 nummum,
581 1007 614 1071 in
637 1014 730 1071 tuum
752 1005 913 1070 talentum
936 1007 1053 1090 pignus
1076 1006 1127 1070 da.

626 1130 876 1214 Periphanes

898 1271 913 1322 '.
943 1237 1040 1304 Enim
1061 1239 1138 1305 istic
1161 1241 1322 1322 captiost.

69 1349 72 1354 ’
195 1350 256 1416 Sed
280 1353 351 1432 quis
375 1356 448 1414 east
470 1348 606 1414 mulier?

652 1455 850 1538 Epidicus

512 1563 572 1628 Tui
594 1563 685 1645 gnati
708 1564 822 1640 amica,
845 1571 882 1628 ut
905 1583 1034 1628 omnem
1057 1583 1122 1626 rem
1145 1564 1247 1627 scias.
1268 1581 1324 1632 700

626 1692 876 1776 Periphanes

194 1803 296 1868 Dedin
320 1803 380 1869 tibi
403 1804 509 1868 minas
531 1802 668 1884 triginta
690 1801 732 1866 ob
751 1801 878 1866 ¹filiam?
942 1833 947 1844 ·

127 1927 128 1932 ’
653 1933 850 2016 Epidicus

476 2041 491 2076 ⁰
932 2040 1051 2104 Fateor
1074 2039 1178 2116 datas,

194 2149 236 2214 Et
259 2169 298 2212 eo
321 2157 457 2231 argento
480 2149 571 2214 illam
594 2169 645 2213 me
668 2149 784 2213 emisse
808 2150 947 2214 amicam
969 2147 1017 2212 fili
1039 2146 1204 2212 fidicinam

194 2257 255 2321 Pro
279 2265 337 2320 tua
359 2255 436 2322 filia.
481 2256 579 2335 Iste,
603 2237 718 2336 fassor,
741 2257 835 2340 tetigi
859 2257 995 2340 triginta
1017 2256 1124 2320 minis.

629 2381 881 2466 Periphanes

194 2488 361 2566 Quomodo
385 2509 435 2554 me
458 2488 555 2554 luchs
576 2487 684 2554 fecisti
707 2489 746 2554 de
768 2488 826 2554 illa
848 2488 1055 2553 conducticia

195 2598 362 2662 Fidicina?
612 2593 615 2602 '

654 2703 851 2788 Epidicus

388 2811 527 2876 Factum
548 2811 658 2877 hercle
682 2833 770 2888 uero,
794 2819 937 2878 streete
960 2811 1084 2876 factum
1107 2811 1227 2876 iudico.
1270 2832 1327 2883 705

626 2937 882 3020 Periphanes

194 3045 278 3121 Quid
301 3061 467 3129 postremo
491 3053 624 3126 argento
647 3045 810 3120 factumst,
835 3044 923 3128 quod
947 3045 1044 3110 dedi?

654 3169 851 3252 Epidicus

1076 3278 1190 3342 Dicam
1215 3278 1299 3344 tibi:

193 3385 306 3468 Neque
318 3385 403 3450 malo
416 3385 538 3451 homini
555 3405 661 3469 neque
678 3384 773 3462 bono,
788 3375 898 3467 ‘gnato
916 3393 973 3450 tuo
993 3386 1069 3450 dedi
1088 3385 1323 3470 Stratippocli.

625 3509 882 3592 Periphanes

161 3637 175 3665 ⁶
193 3619 259 3682 Cur
282 3618 359 3683 dare
383 3616 535 3682 ausus's?

652 3724 850 3808 Epidicus

395 3831 480 3909 Quia
499 3831 581 3896 mihi
602 3832 784 3898 lubitumst.

191 3989 419 4000 ..ψ-...-

258 4072 309 4126 699
326 4071 379 4124 iste
453 4072 504 4123 700
520 4086 579 4124 rem
598 4085 648 4124 orn.
725 4073 772 4122 701
793 4068 886 4123 Diden
902 4069 931 4124 B
998 4071 1049 4123 702
1065 4069 1104 4122 Et
1121 4085 1173 4136 ego
1193 4079 1325 4139 argento

188 4160 239 4212 703
257 4157 310 4212 ists
328 4155 415 4211 abore
431 4153 512 4223 tetigi
607 4157 658 4208 704
675 4153 741 4208 ludo
836 4156 886 4206 707
904 4171 992 4223 neque
1010 4154 1133 4221 benigno
1151 4157 1201 4207 tuo
1221 4155 1326 4212 dedist

189 4242 292 4312 ippooli
361 4241 412 4295 708
430 4236 506 4306 Quor
524 4237 551 4292 A
616 4255 699 4294 susus
