2982 5014
595 357 626 411 v.
645 359 788 417 aec-346.
1184 369 1246 430 407

117 553 167 612 cf.
190 552 254 611 Mil.
281 552 356 610 332:
394 551 482 624 ,Qum
505 557 535 608 te
557 553 671 612 scelere
693 549 875 613 suscitant?“
901 553 990 614 Most.
1016 557 1086 616 567.
1111 585 1148 598 ·-
1175 559 1246 619 321.

120 671 216 733 erpo,
253 658 393 730 quoniam
421 673 479 712 uon
507 655 594 732 plura
622 675 667 714 mc
696 656 779 714 iubes
802 659 952 733 opsoneri.
1008 657 1118 718 Ritsch.
1143 664 1173 716 et
1196 659 1245 720 Br.

119 777 195 816 cnm
217 757 367 816 Acidalio:
399 753 502 832 „ego“.
524 786 567 796 -
594 753 770 830 madebunt,
795 758 830 817 ci.
856 761 926 818 210.
951 789 993 798 -
1017 761 1087 820 322.
1111 755 1245 838 4669666,

120 860 265 918 ultimam
293 857 446 936 producit,
480 878 508 916 v.
532 859 649 934 Proleg.
679 880 708 937 p.
735 862 809 934 197,
843 862 868 918 si
896 863 1044 939 scriptura
1072 882 1159 934 vera;
1193 864 1246 924 ssd

117 962 250 1032 ‚videtur
277 961 367 1020 luisse
399 961 452 1033 „ab
482 960 528 1019 his
558 959 710 1020 asdibus“.
766 961 849 1020 idem
877 963 994 1023 Miiller.
1018 965 1128 1038 voluit,
1161 966 1245 1026 Prcs.

121 1086 158 1144 p.
174 1066 223 1124 56.
242 1069 285 1102 -“
309 1064 378 1122 393.
402 1057 491 1122 Nam
508 1059 586 1139 qaid
601 1059 686 1136 aial,
711 1084 738 1123 v.
752 1063 790 1122 ad
801 1067 907 1142 Amph
923 1068 992 1126 538.
1011 1096 1054 1108 -
1070 1081 1247 1128 6666666666

122 1161 244 1226 nautam
273 1179 401 1224 66666666.
457 1163 492 1224 R.
517 1185 582 1224 cum
611 1166 656 1223 ed.
680 1186 725 1243 pr.
758 1187 941 1240 „maxumam
966 1171 997 1227 in
1019 1189 1056 1228 m.
1081 1165 1137 1244 c.“,
1159 1191 1186 1230 v.
1210 1171 1248 1230 ad

122 1268 213 1344 Capt.
228 1269 299 1326 463.
313 1297 353 1308 -
369 1269 438 1327 324.
456 1267 541 1327 intro
554 1267 598 1326 ed.
611 1288 668 1345 pr,
680 1264 765 1327 intro
777 1264 842 1328 iam
853 1269 898 1342 Β,
912 1272 962 1346 qni
974 1279 1121 1346 praeterea
1131 1279 1247 1334 mutato

121 1371 249 1429 ordine:
286 1369 345 1442 ,Te
367 1372 411 1428 irc
433 1370 532 1429 hercle
555 1365 705 1430 meliust“.
730 1401 770 1412 -
795 1373 864 1430 328.
898 1367 1008 1432 Iamne
1030 1369 1129 1434 abiit?
1158 1371 1246 1436 abiit.

124 1473 276 1532 Gruterus
299 1493 364 1545 em,
393 1471 472 1549 quod
501 1474 544 1531 ita
564 1474 700 1550 probari,
723 1478 757 1530 ut
780 1475 905 1532 alterum
931 1471 1041 1547 „abiit“
1066 1476 1247 1538 Messenioni

121 1577 298 1634 tribuerem.
323 1604 360 1615 -
387 1576 457 1634 333.
487 1571 611 1636 mirum.
651 1575 685 1632 R.
714 1575 897 1648 „mirumst“,
922 1578 974 1636 sed
995 1577 1054 1636 vid.
1079 1579 1117 1637 ad
1138 1581 1245 1658 Amph.

126 1681 201 1738 599.
226 1709 268 1719 -
291 1681 361 1738 335.
392 1671 431 1736 Si
453 1693 530 1754 quae
551 1679 757 1754 Kampmannc
781 1678 854 1737 duce
878 1679 911 1736 R.
936 1708 977 1718 -
1001 1681 1070 1738 336.
1095 1675 1248 1758 Royitant

122 1781 148 1840 C
172 1787 203 1839 et
225 1781 368 1839 Priscian.
391 1779 475 1838 XVII
502 1800 531 1855 p.
558 1782 653 1852 1047,
683 1784 734 1857 qui
767 1777 904 1856 quoiatis
936 1783 1148 1842 nominativum
1184 1803 1246 1842 6666

125 1883 215 1956 dicit,
250 1887 284 1942 ut
305 1883 395 1942 Poen.
420 1884 495 1941 996:
534 1882 608 1956 „Qui
631 1884 857 1960 sit,'qu0iatis,
886 1883 964 1941 uude
987 1879 1056 1942 sit“.
1113 1885 1248 1944 Transiri
1356 1893 1358 1906 '

123 1991 228 2064 potest
250 2005 268 2044 a
291 1984 413 2044 navi'ad
431 1985 583 2044 dominum
601 1987 693 2044 navis.
712 2016 754 2026 -
774 1981 859 2061 quid,
883 2006 909 2044 v.
934 1985 971 2043 ad
989 1985 1096 2062 Amph.
1117 1989 1187 2046 366.
1208 2017 1244 2028 -

129 2089 201 2148 337.
228 2081 361 2147 Postilla
384 2086 520 2147 Gulielm.
546 2105 611 2161 em,
636 2083 836 2165 6396666666
857 2087 902 2146 ed.
927 2107 971 2165 pr.
1003 2115 1043 2126 -
1076 2089 1146 2147 338.
1176 2105 1246 2164 per·

124 2188 229 2252 diluat
251 2187 412 2263 auritium,
443 2210 501 2248 non
524 2195 593 2248 ante
617 2189 788 2264 dimittunt,
819 2211 906 2267 quam
934 2192 1033 2267 periit.
1059 2220 1095 2232 -·
1123 2193 1192 2250 339.
1217 2191 1247 2250 Si

123 2315 230 2354 versus
263 2299 343 2352 recte
375 2292 503 2352 traditus
537 2299 596 2364 666,
635 2290 756 2367 „nauis“
787 2313 843 2371 pro
874 2313 933 2350 una
962 2293 1050 2368 longa
1072 2293 1246 2369 legendum

128 2396 181 2455 sed
215 2399 280 2454 iure
314 2395 460 2454 dubitavit
487 2395 604 2454 Miiller.
627 2395 711 2454 Prcs.
742 2416 770 2473 p.
795 2396 866 2454 469.
922 2394 951 2452 le
980 2396 1054 2453 coni.
1087 2395 1190 2468 „Nunc
1217 2399 1248 2456 in

125 2504 211 2558 statu
234 2503 293 2556 etat
315 2493 431 2570 nauis“;
455 2517 523 2574 ego:
557 2491 653 2556 Nunc
674 2495 774 2558 instat
789 2498 902 2572 aare,
926 2500 989 2555 ie.
1015 2517 1092 2555 nunc
1115 2500 1249 2556 imminet

126 2586 246 2680 pcrtui,
279 2601 327 2658 vel
355 2602 381 2658 ei
410 2601 495 2658 malis
528 2597 696 2677 ,portum“,
730 2605 764 2682 ut
791 2599 881 2658 Poen.
907 2601 981 2658 921:
1020 2603 1152 2670 ,tantum
1183 2619 1249 2658 eum

127 2707 223 2762 instat
245 2688 347 2762 exiti“.
365 2730 408 2741 —
432 2703 502 2761 344.
526 2698 683 2778 epredt'iur
705 2702 751 2762 ed.
765 2723 809 2780 pr.
833 2731 876 2742 -
900 2704 969 2760 345.
993 2697 1087 2762 sultis
1109 2701 1245 2778 Pylades.

125 2835 172 2848 -·
193 2800 324 2864 nauales
340 2801 439 2879 pedes
461 2807 588 2881 remiges
611 2806 752 2883 appellat,
777 2807 887 2882 quippe
905 2795 1030 2880 quorum
1049 2823 1142 2881 opera
1158 2823 1249 2862 naves

127 2908 277 2968 incedant.
325 2906 455 2966 Lucilius
478 2905 557 2978 VIII,
584 2910 620 2965 19
645 2928 741 2966 remos
765 2910 848 2966 navis
869 2907 995 2981 iligneos
1017 2906 1107 2983 pedes
1130 2906 1212 2964 dicit.

217 3012 287 3069 346.
311 3009 448 3068 Erotium
470 3009 540 3081 exit,
562 3015 597 3068 66
619 3016 781 3069 amatorem
804 3012 884 3067 intro
907 3010 1004 3081 ducat,
1028 3028 1115 3084 quem
1139 3027 1249 3083 coquus

127 3115 233 3172 adesse
267 3113 400 3172 narravit
428 3132 455 3170 v.
489 3113 558 3170 326.
615 3110 768 3172 Canticum
803 3112 990 3189 anapaesticis
1026 3111 1086 3168 fere
1120 3113 1249 3171 numeris

125 3219 332 3292 compositum,
357 3213 408 3272 sed
427 3213 630 3272 admiscentur
645 3215 745 3273 iambi.
791 3213 909 3286 Versus,
933 3218 1051 3272 servata
1071 3233 1107 3272 ea
1124 3213 1249 3290 discrip·
1343 3236 1346 3252 ¹

125 3321 227 3389 tione,
258 3335 322 3393 qnae
346 3318 375 3373 in
400 3315 422 3373 B
446 3321 505 3388 666,
535 3315 565 3372 hi
589 3321 671 3375 sunt:
709 3318 768 3376 346
792 3317 986 3393 anapaesticus
1010 3315 1151 3386 dimeter,
1189 3318 1247 3374 347

126 3421 310 3497 compositus
333 3438 369 3476 ex
391 3423 532 3495 quattuor
555 3419 659 3476 iambis
682 3425 712 3476 et
735 3417 1041 3503 dnobuspnapsestm,
1067 3420 1127 3478 346
1148 3418 1249 3476 dimet.

127 3543 216 3600 annp.
251 3521 550 3600 hypercatalecticus,
592 3523 651 3579 349
687 3541 781 3598 comp.
816 3541 851 3579 ex
891 3520 990 3578 tribus
1029 3521 1185 3596 anapaestis
1219 3527 1250 3578 et

126 3624 245 3684 duobus
266 3623 381 3696 iambis,
407 3624 466 3680 350
490 3642 541 3680 sex
559 3622 658 3694 iambi,
684 3623 742 3681 351
762 3624 959 3699 anapaesticue
977 3627 1149 3680 tetrameter
1168 3628 1248 3682 cata·

126 3729 260 3800 lecticae,
286 3729 345 3786 359
366 3726 522 3784 dimetrum
542 3726 750 3800 mapaesticum
773 3725 845 3782 facit
867 3723 1001 3783 Studem.
1023 3723 1133 3782 (lentie.
1149 3715 1184 3801 'p
1198 3727 1248 3797 29,

130 3832 191 3890 353
216 3830 358 3888 iambicus
388 3833 560 3886 tetrameter
582 3825 882 3903 hypercatalecticus,
919 3828 979 3886 354
1010 3828 1136 3886 dimeter
1163 3847 1249 3904 anap.

127 3933 228 4005 catal,
263 3933 407 3990 355-57
432 3929 551 3987 dimetri
575 3931 753 4005 anapaestici,
790 3930 850 3988 356
879 3931 1015 3988 trimeter
1043 3933 1248 4006 anapaesticus,

129 4036 190 4093 359
215 4053 301 4112 paeon
324 4037 437 4110 primus
460 4037 489 4090 et
512 4037 694 4090 monometer
717 4033 922 4106 anapaesticus.

217 4137 288 4196 346.
323 4131 384 4208 sic,
408 4141 442 4193 ut
464 4142 545 4207 sunt,
576 4140 709 4209 apertae3
744 4133 843 4192 claudi
867 4141 947 4194 vetat
969 4137 1003 4192 66
1025 4134 1083 4190 iam
1105 4131 1249 4192 reditura.

128 4233 249 4313 operire
271 4240 380 4298 ostium
403 4242 448 4294 666
470 4235 617 4308 claudere,
642 4257 668 4296 v.
696 4237 764 4294 536.
812 4236 930 4296 Trucul.
956 4237 1034 4294 385:
1072 4233 1250 4309 ,Concedite
