2970 5006
562 386 594 442 V.
612 389 755 444 279-306.
1156 393 1218 456 323

81 581 127 638 ct.
157 581 240 656 Gapt.
266 582 336 640 586.
381 578 468 639 Truc.
493 582 568 640 269:
607 581 686 654 „Rus
709 583 782 640 mihi
804 586 839 640 18
860 580 1055 660 obprobrss“.
1079 613 1121 624 -
1144 587 1217 644 295.

82 679 205 756 locuni,
227 683 264 742 cl.
279 684 350 742 524.
393 678 457 742 iam
480 679 734 744 6180888888.
753 717 795 728 —
820 685 890 744 296.
915 701 1040 762 operam
1061 703 1218 764 nusquam

81 786 139 846 ed.
165 805 210 863 pr.
236 815 276 826 -
306 786 377 844 300.
407 783 551 843 Versuum
574 786 706 844 ordinem
730 789 863 848 restituit
883 789 1046 850 Acidaliae.
1095 805 1217 866 prosus

80 907 149 964 pro
175 901 312 964 prorsus
340 886 425 946 8866.
449 892 479 946 81
506 889 536 948 6.
559 889 579 947 l.
603 893 633 948 et
655 889 806 950 interdum
831 891 916 964 alibi,
950 911 978 952 v.
1002 893 1113 952 Ritsoh.
1137 893 1215 953 Prol.

80 991 176 1049 Trio.
200 1009 229 1066 p.
253 989 325 1050 clv.
370 990 461 1064 Neue,
485 990 552 1051 Lat.
575 991 725 1050 Formenl.
749 993 829 1068 Hp.
855 995 925 1053 638.

181 1093 252 1152 301.
281 1093 453 1152 Instituitur
474 1095 656 1170 compotatio
678 1095 709 1152 18
731 1097 897 1172 proscenio,
921 1101 955 1154 ut
975 1097 1058 1157 Pers.
1073 1101 1133 1158 765
1151 1119 1215 1176 sqq.
1275 1157 1289 1177 ⁸

81 1195 225 1253 Primum
252 1214 330 1272 aqua
358 1195 493 1255 manibus
521 1197 660 1269 effertur,
690 1198 728 1256 81.
758 1197 840 1256 Pers.
871 1200 948 1257 76'l:
994 1201 1081 1272 ,date
1110 1221 1216 1278 aquam
1306 1251 1308 1258 .

81 1298 242 1370 manibue3
274 1299 414 1376 apponite
433 1293 593 1358 mensem“.
632 1314 733 1374 perere
749 1301 840 1360 68681
858 1300 999 1360 Priscian.
1024 1300 1069 1361 III
1090 1325 1121 1382 p.
1146 1307 1216 1377 618,

84 1421 115 1459 v.
144 1401 182 1458 86
204 1401 288 1460 Asin.
316 1403 385 1460 379.
414 1403 493 1460 infra
516 1403 587 1460 929.
612 1403 682 1461 931.
708 1404 779 1462 973.
802 1405 875 1462 974.
929 1401 1107 1465 moechm
1138 1405 1216 1465 idem

85 1504 189 1562 Prisc.
213 1532 256 1543 -
280 1505 350 1562 302.
376 1498 471 1564 Totos
493 1505 602 1580 poscit,
626 1525 654 1564 v.
678 1505 716 1564 ad
738 1505 822 1565 Asin.
846 1508 917 1566 772.
941 1506 1217 1568 -Philolachetis

84 1625 199 1664 nomen
233 1605 300 1665 866.
330 1604 376 1664 ed.
404 1625 451 1684 pr.
506 1605 535 1664 Ie
568 1604 754 1684 unquentis,
788 1608 895 1685 quibus
929 1609 957 1667 in
993 1610 1137 1669 conviviis
1170 1611 1216 1668 nti

84 1707 231 1768 solebant
255 1701 297 1784 (v.
323 1707 361 1765 86
378 1708 461 1768 Asin.
486 1701 577 1786 796),
612 1711 655 1768 811
682 1731 740 1768 888
767 1730 841 1787 opus
869 1730 948 1784 esse,
983 1715 1123 1789 qnoniam
1152 1715 1216 1790 ipsa

86 1813 188 1886 amice
209 1815 395 1892 unguentum
416 1813 663 1888 pretiosissimum
685 1815 734 1872 sit.
778 1814 893 1887 stacta,
922 1835 949 1874 v.
974 1814 1011 1872 ad
1034 1814 1118 1874 Ouro.
1146 1818 1215 1874 101.

83 1944 132 1954 -
158 1915 219 1972 393
243 1933 287 1990 sq.
310 1909 429 1974 11188ιῖ11
450 1929 518 1974 cum
541 1911 641 1974 amica
656 1915 703 1973 bie
725 1912 849 1976 Plautus
869 1937 930 1977 non
952 1918 1079 1994 scripsit.
1103 1917 1215 1976 Bitsch.

85 2017 215 2088 deletis,
249 2021 284 2074 nt
311 2018 368 2089 811,
402 2017 586 2093 glossematis
608 2019 736 2097 exempli
758 2038 863 2078 caussa
885 2021 1010 2078 alterum
1033 2039 1149 2080 versum
1172 2023 1216 2079 eie

84 2118 225 2178 refinxit:
264 2117 310 2190 ,Is
338 2123 383 2178 est
411 2119 554 2195 profecto.
599 2120 808 2181 Callidamates
837 2127 974 2182 aecumst.
1000 2140 1083 2197 euge,
1111 2124 1215 2182 888188

85 2219 207 2280 meus“.
243 2215 360 2296 (eccm
379 2223 436 2280 iam
455 2223 501 2281 86.
519 2218 580 2300 pr.)
604 2223 750 2284 Fleckeis.
768 2230 798 2282 et
820 2223 957 2302 Spengel.
982 2221 1092 2298 (Plaut.
1112 2245 1140 2301 p.
1160 2217 1213 2300 28)

87 2325 136 2396 ,18
149 2320 214 2382 est“
229 2324 261 2382 in
272 2325 404 2400 priorem
415 2344 534 2384 versum
546 2331 753 2402 retraxerunt3
775 2327 847 2386 mihi
865 2327 943 2385 alter
954 2329 1072 2404 spurius
1084 2327 1214 2386 videtur.

89 2457 132 2468 ·-
167 2421 290 2500 0881188,
326 2429 525 2486 nominativus
552 2448 607 2505 pro
634 2432 784 2502 vocativo,
819 2449 886 2488 nam
909 2429 1118 2488 Philematium
1141 2430 1215 2488 ello·

85 2531 205 2606 quitur,
228 2551 255 2588 v.
270 2529 308 2588 86
319 2529 401 2588 Asin.
417 2532 488 2590 648.
506 2561 546 2586 -.-
568 2533 637 2592 305.
661 2525 863 2607 8881818111,
887 2533 922 2592 81.
939 2533 1030 2593 1032.
1063 2533 1128 2591 Mil.
1142 2534 1214 2592 815.

85 2631 139 2690 Sic
163 2632 281 2691 sodales
303 2650 373 2692 suos
396 2633 544 2711 appellat3
560 2629 685 2708 praeda
706 2635 806 2694 81888
830 2641 861 2693 81
884 2635 1051 2695 convivium
1074 2640 1127 2694 est.

181 2737 251 2795 306.
275 2734 493 2810 Callidamates,
518 2736 696 2796 Philolachis
718 2737 839 2811 sodalis,
871 2736 952 2816 apud
974 2737 1065 2796 alium
1088 2739 1213 2796 amicum

85 2857 229 2914 pransus,
251 2841 409 2916 postquam
428 2838 515 2898 huius
538 2859 603 2898 eum
626 2840 753 2899 convivii
775 2845 934 2918 pertesum
958 2845 1011 2912 est,
1034 2841 1093 2899 iam
1115 2839 1215 2898 ebrius

87 2961 157 3000 cnm
181 2939 309 3016 Delphin
341 2944 436 3000 amica
465 2941 503 3000 86
525 2941 726 3000 Philolachem
755 2945 939 3002 comissator.
994 2942 1117 3002 Numeri
1139 2942 1215 3002 varii

86 3049 175 3116 sunt,
204 3043 331 3102 maxime
360 3045 478 3113 cretici,
512 3043 565 3102 scd
592 3046 624 3103 in
651 3044 748 3122 prima
776 3044 896 3122 quidem
924 3063 1019 3104 scene
1041 3049 1141 3123 parte,
1176 3045 1214 3106 ad

85 3166 115 3204 v.
144 3147 223 3220 387,
256 3145 432 3224 plerumque
454 3152 517 3206 tam
539 3149 662 3220 incerti,
696 3153 731 3207 81
757 3168 794 3207 88
822 3147 940 3208 schema
967 3147 1088 3226 quidem
1109 3167 1213 3208 eorum
1295 3132 1302 3145 ⁸

85 3267 260 3326 proponere
283 3248 417 3309 sudeam.
462 3247 529 3309 Duo
551 3251 649 3326 primi,
674 3252 735 3310 306
754 3252 832 3323 817,
856 3271 892 3308 ex
915 3251 1040 3310 dimetro
1057 3251 1213 3311 688861888

86 3358 117 3411 81
141 3353 354 3428 semiquinario
377 3350 503 3410 iambico
526 3352 683 3430 compositi
706 3353 764 3411 dici
786 3357 925 3431 possunt,
948 3357 1056 3414 tertius
1078 3356 1215 3413 trimeter

85 3457 226 3527 creticus,
252 3455 311 3514 319
334 3458 365 3512 et
389 3455 446 3513 321
472 3457 639 3514 tetrametri
661 3456 763 3514 cretici
785 3455 953 3514 catalectici
975 3459 1006 3515 in
1024 3457 1211 3532 disyllabum.

176 3555 354 3616 Callidemus
383 3557 477 3615 888818
506 3556 678 3636 pedisequis
709 3561 852 3635 imperat,
886 3563 921 3618 nt
949 3559 1102 3634 aliquanto
1134 3563 1212 3636 post,

85 3660 140 3720 nbi
164 3657 330 3718 dormiendi
359 3663 477 3736 tempus
505 3661 624 3718 venerit
653 3658 833 3737 domumque
855 3660 983 3720 eundum
1006 3662 1058 3734 sit,
1082 3659 1140 3719 sibi
1162 3659 1212 3718 ad·

87 3781 207 3822 vernum
234 3764 355 3821 veniant
383 3761 545 3822 comitandi
572 3781 675 3835 88888,
711 3781 822 3839 eosque
851 3763 928 3822 infra
955 3782 984 3820 v.
1011 3763 1071 3822 849
1095 3761 1132 3821 86
1155 3762 1213 3822 688

87 3862 307 3942 exsequendum
341 3867 453 3926 roverti
474 3864 623 3938 videmus,
656 3865 693 3922 cl.
716 3865 781 3924 Cas.
805 3867 877 3924 438.
929 3863 1009 3924 Men.
1034 3865 1110 3923 422:
1147 3865 1212 3938 „Tu

88 3968 181 4028 facito
209 3973 278 4026 ante
305 3965 398 4026 solem
426 3985 563 4026 occasum
590 3971 625 4025 81
652 3967 755 4026 888188
778 3965 936 4026 aduersum
957 3963 1061 4027 mihi‘t
1118 3965 1210 4025 Stich.

90 4071 152 4130 696
175 4089 220 4146 eq.
253 4067 338 4142 ,Non
359 4075 394 4126 18
415 4071 487 4142 8818,
516 4089 604 4145 quam
633 4068 824 4129 adflictentur
844 4069 978 4142 homines
1002 4073 1091 4127 noctu
1111 4068 1159 4127 hic
1181 4070 1212 4128 in

90 4169 164 4231 nia?
208 4172 269 4232 ΡΑ.
294 4171 391 4230 Tanto
413 4172 525 4249 plnres,
549 4172 600 4248 qui
623 4171 793 4245 defendant,
816 4173 861 4230 ire
885 4171 1042 4230 aduersum
1066 4169 1211 4232 iussero“.

88 4274 157 4333 Ter.
181 4271 239 4334 Ad.
264 4276 321 4334 26:
358 4273 443 4348 „Non
472 4273 565 4334 rediit
591 4274 647 4334 hac
675 4280 802 4334 noctes
829 4293 901 4333 8888
921 4274 1086 4334 Aeschinus
1116 4293 1212 4352 neque

956 4387 1006 4442 21*
