2982 5014
264 363 326 423 406
736 353 912 410 Menaechmi.
958 438 964 448 ¹

265 571 357 629 quare
374 553 474 628 potius
491 550 621 608 adducor
638 555 673 609 ut
691 551 745 611 hos
763 569 865 612 remus
878 569 933 626 pro
946 551 1056 627 spuriis
1068 548 1206 620 babeam,
1223 550 1380 626 prasertim

264 643 355 731 quum
377 655 472 730 inepti
494 653 660 712 videantur.
704 653 809 714 Vidori
832 653 914 724 dico;
937 673 1006 712 nam
1023 671 1055 710 rs
1075 671 1156 724 vern,
1180 651 1253 728 qnid
1271 651 1381 710 ridiculi
1452 676 1456 692 ·

263 759 295 816 in
318 759 355 816 iis
377 758 463 830 insit,
493 756 672 832 ignoramus.
728 755 804 815 Edd.
829 755 912 815 varia
934 757 1033 815 conati
1056 760 1141 829 sunt;
1175 752 1262 810 Both.
1288 751 1381 823 ,Ocri-

264 857 406 931 andrur“,
430 859 514 934 qusai
538 857 574 916 ab
597 857 690 918 herba
711 859 800 916 buius
822 859 963 930 nominis;
988 855 1148 916 Salmasius
1174 851 1380 928 ,Colicndrus“

263 961 427 1022 hariolatus
466 965 512 1018 est
547 980 703 1022 enarrans:
741 963 821 1033 „sive
850 981 868 1018 a
894 960 960 1018 culo
988 962 1049 1018 sire
1079 981 1097 1019 n
1125 959 1215 1018 coleis
1243 955 1384 1027 vocaris“,

263 1083 369 1142 parum
392 1061 592 1136 credibiliter,
622 1064 755 1139 quamvis
784 1063 926 1122 accedent
949 1060 1080 1120 Schwab.
1105 1057 1292 1120 31811-
1317 1061 1384 1117 296.

266 1165 390 1226 lamium
412 1161 496 1244 quod
516 1161 699 1226 soiamcum
722 1168 820 1224 ironia
842 1165 970 1241 quadam
993 1164 1111 1236 dicitur,
1140 1161 1176 1221 cl.
1201 1161 1292 1220 Mem.
1319 1162 1384 1219 633.

264 1267 389 1330 Bctbius
404 1265 558 1340 ,tundsm“
573 1270 702 1344 scripsit.
733 1267 783 1326 lt:
805 1266 888 1340 „Em,
906 1266 962 1324 tibi
973 1264 1155 1324 Manaechmo
1168 1283 1279 1324 nomen
1290 1269 1386 1322 tamen

265 1366 341 1430 est“.
359 1399 400 1410 -
419 1371 489 1428 297.
507 1370 581 1430 Post
599 1385 646 1428 me
662 1369 761 1429 hiatus
776 1389 880 1446 parum
893 1372 956 1426 reri
967 1369 1082 1428 similis.
1127 1367 1232 1443 Pylad.
1248 1373 1301 1440 „tu
1314 1363 1384 1424 me“.

265 1473 300 1532 R.
319 1471 400 1530 Neue
417 1471 488 1530 Exc.
506 1491 535 1548 p.
556 1474 609 1530 50:
637 1469 754 1542 „med“.
778 1501 819 1511 -
843 1472 914 1530 998.
941 1471 1015 1543 ,Qui
1039 1471 1164 1529 amicam
1186 1489 1270 1528 cram
1294 1488 1386 1526 meam

264 1572 390 1634 habear·
405 1573 452 1647 R,
471 1573 519 1634 Br.
538 1603 581 1614 -
599 1576 670 1634 299.
690 1589 745 1650 eqo
758 1570 853 1649 etqui
863 1575 900 1631 A.
922 1601 958 1612 -·
979 1574 1050 1631 301.
1070 1567 1235 1650 cyathisso,
1256 1575 1384 1637 wigo,

265 1679 412 1755 pincerna
424 1695 530 1734 munus
543 1695 608 1752 ago.
626 1704 667 1716 —
688 1677 746 1736 301
766 1695 810 1753 sq.
833 1669 878 1734 Ei
894 1669 978 1747 mtfbt',
998 1689 1100 1751 quom,
1122 1675 1157 1733 cl.
1172 1695 1241 1732 ann.
1255 1673 1294 1730 ad
1305 1672 1383 1748 Capt.

266 1783 336 1839 990.
352 1810 388 1820 -
410 1779 484 1837 Post
502 1773 670 1838 illibatus
689 1779 855 1853 legitimum
880 1777 970 1851 vulgo
986 1777 1198 1854 postlimen:
1226 1777 1288 1848 „illi
1306 1771 1383 1850 qui“.

265 1883 299 1942 R.
323 1877 433 1956 „illic“.
452 1911 495 1922 -
514 1877 698 1952 diminuam,
721 1899 748 1938 v.
763 1880 800 1939 ad
820 1881 909 1938 Most.
924 1881 994 1938 260.
1016 1909 1056 1918 -
1077 1880 1146 1938 304.
1171 1871 1385 1952 Epidamnum

264 1986 389 2044 alterius
411 1985 533 2042 verbum
557 1984 705 2042 obiectum
724 1991 779 2054 est,
804 1982 928 2042 alterius
946 1981 1104 2040 adiectum.
1124 2009 1166 2018 -
1185 1981 1257 2038 306.
1282 1979 1384 2037 Versus

264 2090 344 2148 iusto
366 2088 498 2161 longior,
533 2081 673 2144 lromr'mes
696 2086 806 2143 delevit
827 2085 878 2157 R,
908 2085 959 2160 qui
987 2089 1132 2160 practerea
1160 2081 1264 2139 hiatus
1287 2101 1382 2140 caum:

268 2191 342 2263 „Qui
366 2189 396 2248 di
417 2189 495 2261 illos,
518 2191 570 2264 qui
592 2185 684 2248 illic“.
725 2187 833 2264 Speng.
847 2187 954 2245 Philol.
968 2185 1109 2261 XXIIIp.
1125 2185 1200 2242 56οι
1230 2183 1288 2257 ,Di
1306 2183 1382 2244 illum

263 2294 428 2364 bominem,
461 2292 512 2366 qui
534 2286 627 2349 illic“.
679 2289 813 2364 Seyffert.
838 2287 922 2346 Stud.
946 2309 974 2366 p.
1001 2291 1032 2346 5:
1067 2285 1203 2359 „Habes“
1229 2305 1288 2362 pro
1312 2284 1382 2358 „Ha-

264 2391 373 2467 bitas“,
403 2413 430 2450 v.
455 2393 492 2450 ad
515 2393 582 2457 Aul.
608 2397 635 2451 5.
664 2421 705 2432 -
735 2387 886 2466 perdrtt'mi
915 2390 985 2448 olim
1014 2389 1214 2448 emendatum.
1243 2417 1287 2428 -
1317 2389 1379 2445 tot.

263 2492 388 2576 quidem
416 2496 505 2556 Both.
566 2491 636 2570 lpse
663 2495 709 2552 ad.
732 2514 778 2571 pr.
808 2523 849 2534 --
883 2495 953 2552 308.
987 2487 1099 2552 Audio
1120 2492 1210 2550 idem.
1242 2517 1279 2530 -
1316 2491 1378 2547 309.

264 2595 438 2660 Nummum
461 2593 551 2657 illum
574 2613 672 2673 quem,
697 2598 848 2666 attractio,
871 2615 899 2653 v.
918 2593 954 2653 sd
972 2594 1080 2672 Amph.
1098 2595 1193 2665 loom
1217 2595 1249 2652 iu
1268 2593 1378 2650 demon·

262 2704 387 2761 stretiva
409 2704 560 2760 sententia
582 2699 704 2758 auditur
729 2695 813 2771 „eo“.
837 2727 878 2737 -
901 2698 957 2769 Qui
981 2703 1050 2774 post
1067 2697 1096 2756 b.
1115 2719 1142 2754 r.
1161 2695 1305 2768 leguntur
1327 2694 1376 2752 duo

263 2823 379 2876 versus,
409 2805 550 2879 quoniam
572 2807 678 2878 aperta
700 2801 963 2859 circumlocutione
986 2821 1013 2858 v.
1040 2801 1099 2858 307
1124 2803 1274 2874 repetunt,
1299 2797 1376 2867 eieci,

262 2908 333 2964 item
356 2904 479 2964 Vahlen.
502 2903 579 2962 Mus.
603 2903 696 2962 Rben.
720 2902 789 2961 XVI
811 2922 840 2978 p.
866 2903 942 2974 6353
976 2902 1064 2978 vulgo
1087 2900 1155 2962 iude
1179 2920 1197 2957 a
1216 2899 1376 2960 Camerario

262 3013 331 3085 post
354 3009 414 3066 310
437 3012 597 3083 ponuntur.
628 3036 670 3046 -
705 3007 775 3064 311.
809 2999 863 3063 Em
891 3024 947 3082 pro
973 2999 1055 3078 „Tu“
1080 3003 1150 3060 olim
1172 3002 1289 3062 emend.
1333 2994 1376 3060 Eu

263 3104 371 3180 hercle,
395 3129 423 3168 v.
442 3108 479 3166 ad
497 3107 585 3166 Most.
606 3109 675 3166 331.
721 3109 799 3166 Ante
822 3103 975 3166 homimem
992 3106 1100 3178 bintus,
1124 3123 1151 3163 v.
1171 3103 1253 3162 Prol.
1271 3125 1301 3182 p.
1316 3104 1375 3160 221.

263 3211 324 3282 Ba,
340 3217 376 3268 nt
392 3210 468 3269 solet
490 3205 682 3280 „homonem“
702 3211 757 3282 ed.‚
771 3211 821 3268 R.:
849 3210 941 3282 „Hem
963 3209 1068 3266 Hercle
1085 3207 1234 3265 hominem
1251 3208 1374 3283 ineptum

262 3311 418 3371 multum“.
451 3306 585 3372 mulium
596 3312 714 3372 Gruter.
727 3316 861 3372 enarrat:
881 3313 931 3388 qui
943 3310 1057 3384 negotii
1074 3308 1238 3385 plurimum
1259 3307 1373 3376 facessit,

263 3415 314 3474 Br.
332 3415 495 3490 loquacem,
519 3435 646 3492 quorum
667 3421 805 3474 neutrum
824 3413 980 3490 probabile
999 3417 1052 3470 est.
1087 3410 1167 3468 Cam.
1189 3402 1372 3483 „molestum“

263 3519 392 3595 scripsit,
416 3515 525 3590 Bergk.
549 3516 657 3577 Philol.
674 3515 758 3575 XVII
780 3536 809 3593 p.
833 3518 869 3574 55
897 3515 1073 3587 „homonem
1095 3510 1239 3584 mulum“,
1265 3529 1317 3587 ego
1337 3509 1373 3569 01-

262 3614 400 3691 sultam,
435 3623 469 3676 ut
491 3618 567 3678 Rud.
593 3621 667 3677 517:
707 3625 753 3690 „te
782 3637 819 3675 ex
848 3617 959 3676 insulso
990 3616 1099 3676 salsum
1129 3613 1219 3674 feci“.
1244 3643 1285 3654 -
1314 3615 1372 3673 314.

266 3716 352 3798 Quid
373 3717 424 3780 ais
446 3720 500 3778 tu?
522 3741 549 3780 v.
574 3720 612 3779 ad
629 3720 738 3798 Amph.
758 3720 830 3778 414.
879 3715 961 3796 Quid
981 3715 1053 3778 uis?
1077 3715 1276 3794 respondetur
1296 3720 1373 3775 etiam

263 3825 347 3882 Asin.
367 3825 438 3882 368.
473 3823 592 3882 Trucul.
620 3824 688 3881 130.
717 3823 785 3882 189.
832 3821 889 3880 Sed
914 3818 1070 3898 „inquam“
1097 3820 1170 3877 ferri
1193 3839 1253 3878 non
1276 3822 1373 3898 potest.

262 3925 375 3985 Ritscb.
410 3922 573 4002 „nequsm“
612 3925 785 3998 substituit,
820 3923 901 4000 quod
934 3926 998 3982 sins
1032 3923 1218 3981 substantivo
1252 3925 1293 3980 sic
1323 3939 1372 3979 non

264 4028 427 4099 diceretur,
452 4028 605 4104 equidem:
634 4021 702 4086 ΟΥ.
724 4021 851 4086 Dicam.
874 4055 916 4066 --
940 4027 1011 4084 315.
1034 4039 1150 4099 opsono
1174 4026 1299 4101 primam
1321 4043 1371 4082 cor

262 4133 345 4208 ripit,
369 4136 404 4188 ut
421 4130 527 4189 Bacch.
546 4133 596 4189 95.
642 4129 693 4188 R.:
721 4129 848 4202 „Tribus
871 4133 1080 4205 opsonatumst
1102 4147 1140 4184 an
1163 4128 1252 4184 etiam
1272 4144 1372 4204 opsono

264 4229 422 4309 amplins“.
455 4261 488 4272 ·-
512 4233 582 4292 316,
608 4231 641 4290 tu
664 4231 721 4290 del.
742 4230 806 4306 Pyl.
827 4260 868 4270 —
888 4231 958 4289 317.
986 4224 1078 4305 Quod
1099 4229 1128 4287 te
1149 4230 1243 4306 torpet
1262 4223 1370 4288 scelat?
