2970 5006
552 413 584 468 V.
602 417 745 470 teta—24⁷.
1145 425 1205 486 319

84 612 198 671 Ritsch.
230 611 344 670 duobus
376 611 518 688 proximis
550 614 733 687 postposuit,
768 614 812 670 ita
839 617 874 672 ut
900 631 1002 670 versus
1031 613 1094 696 238Ι
1120 617 1204 693 prin·

83 717 197 793 cipium
224 711 283 787 „Ut
310 714 415 772 uideas
443 733 510 772 eum
537 712 710 772 medullitus
737 733 784 771 ms
810 711 926 773 amars“
951 715 1130 776 Philematio
1153 721 1206 776 tri-

83 819 206 890 bueret;
230 817 281 875 sed
300 819 446 876 neminem
462 821 635 892 sequentem
652 815 766 875 habuit.
800 816 918 875 Primus
935 837 1038 877 versus
1049 826 1207 898 corruptus

84 928 139 980 est.
187 919 260 980 cod.
280 919 306 978 D
328 925 360 978 et
382 919 427 977 ed.
451 938 496 995 pr.
519 921 606 990 ,uiuo
630 913 783 995 argent0“,
808 921 890 996 quod
911 921 999 979 nihili
1021 929 1080 996 est;
1103 923 1206 983 Game-

84 1027 201 1084 rarium
240 1025 359 1080 secutus
397 1021 542 1080 Fleckeia.
580 1019 714 1098 „Edepol
750 1039 805 1096 ego
838 1025 863 1080 si
899 1043 1019 1096 summo,
1051 1025 1118 1086 Ioui
1156 1027 1207 1084 illo

84 1123 249 1204 arganto“;
282 1123 396 1183 Ritsch.
429 1119 564 1200 „Edepol
598 1126 622 1182 si
655 1125 704 1182 uel
737 1143 850 1185 summo
883 1125 950 1184 Ioui
985 1147 1020 1185 eo
1055 1127 1208 1202 argento“.

83 1231 198 1308 Bugg.:
225 1227 352 1302 „bouem
374 1227 426 1286 illo
449 1223 609 1302 argento“;
644 1227 722 1284 unde
746 1245 801 1300 ego
822 1233 949 1305 propter
971 1233 1087 1306 argenti
1109 1231 1208 1289 multi·

83 1333 222 1391 tudinem
255 1327 395 1404 ,boues“,
431 1331 587 1389 accedente
619 1333 685 1405 ipso
719 1329 834 1404 Buggio
867 1333 898 1388 in
932 1333 1059 1409 epistola
1092 1334 1130 1392 ad
1163 1355 1209 1392 me
1299 1321 1300 1325 ἵ

84 1440 210 1511 scripta.
246 1462 282 1474 -
319 1433 390 1492 237.
422 1433 500 1506 „Pro
527 1435 623 1510 capite
652 1429 749 1491 illius“
780 1435 951 1511 transponit
973 1435 1122 1513 Kiessling
1143 1435 1209 1496 Iud.

86 1539 182 1596 schol.
205 1536 318 1612 Gryph.
345 1537 425 1596 1878
449 1556 478 1613 p.
505 1538 552 1608 10,
576 1555 613 1594 ne
636 1538 742 1594 tertius
765 1539 925 1614 septenarii
946 1558 999 1615 pss
1022 1538 1137 1598 iambus
1159 1542 1209 1598 sit.

87 1673 127 1684 -
164 1637 315 1700 locassem
344 1638 469 1699 Guietus
499 1645 568 1698 cett.
595 1667 640 1706 7-
670 1641 740 1698 238.
781 1632 825 1699 Ut
852 1635 943 1700 uideo
973 1661 1026 1699 em.
1051 1641 1144 1719 Bugg.
1167 1672 1210 1682 —

86 1739 287 1816 medullitus,
322 1741 358 1800 cf.
382 1739 501 1802 Trucul.
526 1743 596 1800 438.
619 1771 663 1782 --
678 1737 817 1817 proba&
851 1765 918 1802 nam
945 1746 970 1802 si
998 1747 1065 1822 quis
1088 1765 1133 1804 me
1156 1749 1210 1804 im·

86 1848 216 1926 probum
239 1847 334 1920 dicat,
365 1845 451 1903 adest
472 1847 523 1920 qui
545 1865 591 1904 me
614 1845 763 1922 defendat.
819 1845 959 1906 Liberavi
981 1849 1072 1921 enim,
1103 1849 1209 1925 inquit,

87 1971 150 2010 non
174 1952 313 2020 amicam,
337 1947 388 2006 sed
411 1967 490 2020 eam,
515 1967 580 2024 quse
604 1968 720 2007 causam
743 1971 839 2008 meam
862 1958 965 2009 actura
987 1952 1036 2010 sit.
1092 1951 1212 2010 Festive

88 2057 184 2131 igitur
206 2053 345 2111 libertam
367 2056 529 2129 patronum
552 2051 633 2124 dicit,
656 2058 691 2109 ut
712 2054 795 2110 Asin.
815 2054 892 2125 6453
916 2075 949 2112 ac
972 2075 1008 2112 ne
1031 2072 1123 2128 genus
1147 2055 1211 2132 qui·

88 2159 160 2216 dem
182 2163 287 2215 mutat.
339 2154 387 2214 ad
404 2156 657 2213 constructionem
675 2156 714 2214 ad
737 2158 845 2212 σι’νεσιν
865 2155 993 2216 Loreuz.
1012 2157 1126 2216 confert
1143 2157 1212 2216 Ter.

90 2261 149 2320 Ad.
175 2261 251 2318 261:
277 2257 434 2332 „festiuum
456 2261 555 2334 caput,
579 2259 636 2330 Qui
658 2260 835 2333 ignominias
857 2261 914 2318 sibi
930 2264 998 2336 post
1013 2261 1133 2338 putauit
1150 2279 1213 2318 esse

89 2381 167 2442 prae
194 2381 260 2420 meo
289 2357 460 2420 commodo“
491 2365 601 2436 praeter
630 2361 704 2421 alios
731 2362 814 2422 locos
845 2383 904 2421 uon
936 2383 1058 2438 prorsus
1086 2363 1213 2434 similes3

88 2467 154 2526 vid.
183 2465 283 2524 Madv.
315 2441 366 2523 Gr.
393 2465 452 2522 317
471 2464 500 2523 d.
547 2463 619 2524 Hor.
649 2463 703 2524 Od.
731 2465 762 2538 Ι,
788 2467 843 2538 37,
874 2467 923 2524 2l.
958 2496 999 2506 -
1032 2467 1093 2524 240
1128 2463 1215 2524 affert
1266 2459 1269 2464 ’

88 2571 186 2629 Varro
208 2567 243 2628 L.
266 2568 301 2628 L.
324 2567 376 2642 IX,
400 2569 448 2639 54,
479 2585 569 2642 prave
596 2566 710 2640 „Uidea
734 2570 813 2626 enim
836 2565 884 2626 tel
909 2569 1050 2626 scribens.
1073 2595 1117 2608 -
1139 2567 1211 2626 Ver-

87 2693 156 2732 sum
187 2670 245 2730 241
277 2672 308 2728 in
338 2670 423 2730 codd
452 2672 588 2746 sequitur
616 2661 734 2742 versus,
770 2674 821 2748 qui
854 2672 928 2731 nihil
964 2671 1045 2730 aliud
1078 2675 1124 2729 est
1156 2673 1214 2729 nisi

88 2775 316 2835 circumlocutio
337 2793 441 2832 versus
464 2775 535 2832 219.
569 2773 728 2832 Damnavit
750 2777 879 2852 primum
901 2775 1062 2833 Acidalius.
1097 2767 1136 2834 Sl
1157 2794 1214 2851 pro

95 2875 163 2952 „Is“
190 2876 379 2935 scribendum
402 2895 466 2934 esse
489 2875 565 2936 vidit
587 2875 750 2935 Acidaliae.

202 2982 272 3040 242.
301 2980 407 3038 Altera
434 2999 528 3038 scenae
551 2999 622 3056 pars
643 2981 803 3039 trochaicis
825 2981 1003 3057 septenariis
1026 2981 1138 3058 scripta
1160 2985 1215 3038 est.

91 3083 252 3163 Speculum
286 3084 383 3160 poscit
415 3087 446 3140 et
479 3083 609 3142 arculam
637 3103 702 3142 cum
730 3083 868 3156 armillis,
901 3083 1057 3142 monilibus
1091 3084 1216 3160 aliisque

90 3189 276 3248 ornamentis
293 3189 391 3244 aureis
410 3180 499 3261 (276)
517 3186 645 3272 ornandi
661 3207 758 3246 causa.
774 3215 810 3226 -·
832 3187 892 3244 243
911 3183 989 3245 siem
1005 3185 1093 3246 Both.
1113 3205 1217 3245 versus

91 3309 198 3363 causa3
221 3291 256 3348 R.
283 3284 462 3362 „adueniat“
487 3289 603 3347 maluit.
625 3319 668 3330 -
691 3289 762 3347 244.
792 3283 914 3348 Mulier
937 3286 1131 3364 tudensi,
1155 3290 1215 3349 rid.

93 3395 132 3453 ad
155 3393 264 3471 Amph.
291 3395 382 3451 1002.
427 3391 542 3451 Camer.
562 3411 617 3451 em.
640 3421 682 3432 -
706 3392 776 3450 245.
801 3391 937 3469 Speculo,
961 3395 1068 3470 inquit,
1092 3394 1120 3452 si
1142 3413 1218 3470 opus

92 3503 153 3570 est,
189 3515 254 3573 qua
283 3495 319 3554 de
347 3494 569 3574 pulchritudine
596 3515 651 3554 aua
673 3493 809 3554 dubitare
830 3498 942 3574 possit,
977 3514 1035 3554 non
1058 3496 1129 3570 tibi;
1162 3516 1217 3554 nec

93 3603 174 3660 enim
197 3605 231 3656 tu
254 3599 292 3657 ad
314 3599 465 3676 speculum
488 3597 633 3673 exigenda
656 3619 702 3672 es,
732 3600 784 3657 sed
805 3600 958 3676 speculum
981 3599 1019 3658 ad
1040 3605 1123 3658 tuam
1145 3597 1217 3656 ima-

93 3707 202 3782 ginem.
248 3701 342 3776 Nugas
363 3702 408 3761 hae
431 3706 514 3774 sunt,
545 3704 598 3762 sed
627 3722 687 3762 non
710 3703 803 3778 magis
827 3723 915 3781 quam
939 3702 1003 3761 alias
1026 3701 1148 3779 Scaphae
1171 3721 1218 3759 ar-

94 3809 204 3885 gutiae,
234 3826 262 3865 v.
295 3807 352 3862 155
384 3811 414 3862 et
443 3807 513 3862 253.
570 3821 649 3884 quae
676 3805 754 3880 lule,
789 3807 808 3865 i.
833 3827 857 3866 s.
882 3825 947 3883 quae
974 3808 1055 3882 ipsa,
1090 3804 1126 3863 cf.
1150 3804 1216 3862 Ter.

95 3909 152 3970 Ad.
182 3910 262 3970 402:
306 3911 375 3986 ,qui
409 3913 528 3982 egomet
560 3905 719 3985 produxi“.
778 3909 891 3968 Ritsch.
921 3909 967 3968 sd.
1005 3908 1101 3982 ,Quid
1131 3912 1220 3984 opust

97 4013 219 4092 speculo
241 4011 314 4084 tibi,
344 4031 433 4087 quom
460 4016 525 4070 tute
553 4013 700 4089 speculo’s
730 4016 878 4089 specimen
907 4008 1117 4071 maxumum?“
1153 4029 1219 4087 qum

96 4116 223 4176 Lorenz.
247 4115 358 4174 frustra
387 4113 546 4172 defendere
573 4119 706 4173 conatur.
730 4143 771 4154 -
801 4117 872 4174 247.
894 4109 1002 4190 peculi
1025 4114 1138 4180 (tamer.
1162 4133 1219 4175 em.

97 4221 226 4279 Amator
247 4217 347 4294 lepido
370 4217 484 4276 ancillae
508 4217 586 4274 dicto
609 4218 726 4290 gavisus
749 4216 864 4295 aliquid
883 4215 912 4276 ei
927 4207 1127 4296 promissurus
1144 4222 1219 4290 erat,

98 4313 276 4382 scd⁶subito
299 4341 330 4380 se
352 4319 545 4398 reprehendit
568 4325 598 4378 et
621 4321 697 4396 παρὰ
719 4321 886 4396 repondeatur
908 4321 1079 4380 Philematii
1101 4337 1219 4394 nomen,
