2970 5006
588 392 620 447 v.
639 395 782 449 144-1411.
928 361 932 374 “
1183 401 1244 461 333

120 595 168 648 eet
192 588 294 648 Guieti
318 589 391 646 coni.
419 589 569 666 „confregi
593 585 723 646 assulas“
734 613 744 662 3
766 589 846 648 iores
868 593 946 648 enim
967 611 1028 649 non
1043 595 1112 648 sunt
1129 591 1245 664 assulas,

120 692 175 752 sed
198 693 223 750 si
245 691 433 767 tranguntur,
456 689 541 764 fiunt,
564 711 591 750 v.
615 691 706 750 Mero.
734 693 809 752 lue:
844 663 1264 766 ,4444141114441441411111111Ι

120 795 290 853 lacerabis
314 789 469 854 assulas?“
495 825 537 836 -
559 796 630 853 445.
653 788 725 854 Eleo
748 811 797 867 uu,
821 796 858 854 cf.
882 797 951 855 173.
991 796 1025 854 tu
1047 791 1178 873 444494444
1199 796 1246 856 411.

123 917 172 976 pr.
196 927 238 938 —
261 895 418 955 448-56,
448 896 511 954 Hos
538 917 642 955 versus
663 896 846 956 Ritschelius
873 903 985 958 temere
1007 903 1121 962 mutato
1144 899 1247 958 ordine

125 1005 170 1060 sic
201 999 311 1058 edidit:
348 999 418 1058 452.
442 999 514 1058 448,
539 1001 610 1058 449.
634 1001 705 1058 456.
730 1001 801 1059 453.
826 1003 897 1061 454.
922 1003 993 1061 455,
1018 1003 1090 1060 459.
1113 1004 1185 1060 451.
1207 1031 1251 1042 --

124 1104 199 1162 449.
232 1097 351 1179 serretur
385 1101 540 1160 indicativi
567 1103 714 1160 rationem
743 1103 891 1181 explicare
919 1109 1043 1162 conatur
1070 1103 1193 1166 Becker.
1216 1107 1248 1164 in

124 1205 260 1265 Studem.
279 1203 364 1264 stud.
383 1204 396 1260 l
413 1225 443 1282 p.
465 1205 524 1264 308
543 1225 587 1281 sq.
611 1233 654 1246 -
675 1206 747 1264 451.
773 1199 941 1282 1444944444
962 1201 1066 1281 soris?
1089 1205 1250 1267 Riteohelio

124 1310 188 1368 haec
222 1307 313 1366 rerba
346 1325 503 1384 perperam
530 1308 641 1366 iterate
668 1327 704 1366 ex
733 1309 793 1367 447
824 1309 885 1367 alia
911 1329 965 1367 suo
998 1309 1064 1367 loeo
1098 1311 1250 1388 pepulisse

124 1411 325 1483 videbantur,
362 1413 449 1482 „tene
478 1415 588 1468 terram
618 1405 736 1468 manu“.
799 1411 864 1470 Non
894 1409 999 1486 credo,
1032 1431 1086 1470 neo
1109 1415 1250 1489 repetitio

126 1514 300 1585 offenderet,
323 1513 349 1570 ai
367 1514 512 1589 scriptum
531 1519 623 1572 esset:
650 1513 739 1588 „fuge
759 1513 796 1571 ad
814 1533 860 1572 me
878 1532 980 1591 prope.
1026 1513 1083 1573 Sed
1100 1516 1251 1591 tetigistin

128 1611 244 1676 lorie‘?“
281 1616 456 1676 Coniunctio
476 1621 573 1674 autem
593 1615 782 1674 adversativa
804 1618 835 1674 in
857 1617 967 1675 talibus
989 1637 1069 1694 sape
1092 1619 1251 1691 omittitur,

126 1741 155 1780 v.
181 1720 218 1779 ad
242 1719 349 1797 Amph.
374 1720 446 1778 350.
474 1749 515 1758 -
545 1720 617 1777 453.
651 1718 755 1778 Oratio
783 1719 920 1778 inchoate
949 1721 1181 1797 interrogatione
1209 1722 1252 1779 al·

128 1824 224 1882 terius
247 1823 476 1899 interrumpitur
499 1827 529 1879 et
551 1820 658 1880 deinde
682 1823 887 1894 continuetur,
917 1842 943 1881 v.
968 1822 1005 1881 ad
1027 1823 1134 1900 Amph.
1161 1825 1253 1883 1136.

128 1957 172 1967 -
209 1926 280 1983 454.
317 1939 385 1982 eum
417 1920 499 1983 43404
532 1919 632 1983 omine
664 1924 710 1982 ed.
744 1943 789 2002 pr.
824 1923 927 1983 Oratio
960 1926 1189 2003 interrumpitur
1220 1931 1256 1986 ut

129 2029 241 2088 Pseud.
266 2029 322 2085 37:
360 2027 419 2100 „At
441 2032 471 2084 te
493 2027 525 2084 di
547 2026 680 2104 deaeque
708 2031 882 2104 quantumst
905 2023 975 2086 —“.
1020 2027 1068 2086 Ad
1089 2028 1177 2088 huius
1199 2030 1256 2089 loci

127 2129 357 2190 similitudinem
387 2130 497 2206 legitur
525 2150 561 2188 ex
588 2130 716 2188 Bentleii
745 2130 950 2189 emendatione
978 2131 1044 2188 Ter.
1075 2132 1146 2191 Heo.
1179 2134 1252 2191 134:

138 2235 198 2308 „Ar
219 2238 249 2290 te
273 2232 303 2289 di
326 2232 458 2308 deaeque
481 2231 577 2290 faxint
599 2253 663 2292 cum
686 2237 745 2291 isto
763 2233 840 2305 odio,
864 2229 1009 2306 Laches“,
1032 2254 1072 2292 ec.
1090 2241 1124 2294 ut
1139 2255 1254 2313 pereas.

134 2338 272 2395 -“457.
306 2329 372 2394 Ere
399 2334 586 2393 scribendum
616 2355 679 2395 ease
707 2337 767 2394 iam
798 2334 877 2394 1855
907 2337 939 2394 111
969 2336 1077 2395 44114114
1106 2338 1255 2412 dixeram

130 2444 204 2498 item
216 2439 297 2510 Lor.‚
321 2438 413 2514 Bugg.
426 2439 460 2496 In
471 2436 495 2495 B
507 2432 553 2497 El
563 2439 673 2515 legitur
687 2458 771 2510 „cum
789 2437 914 2496 duarum
931 2439 1101 2498 litterarum
1120 2437 1254 2500 rasura“.

133 2573 172 2585 --
198 2536 408 2613 4444444Βο411.,
443 2561 471 2599 r.
495 2540 533 2599 ad
557 2541 660 2600 Bacch.
687 2544 757 2600 317.
800 2539 889 2616 Seyff.
912 2539 996 2600 Stud.
1019 2544 1085 2619 p.l
1114 2539 1254 2616 „amabo“

134 2667 195 2706 non
219 2644 317 2702 ferens
341 2647 417 2702 coni.
444 2644 547 2717 „illino
569 2640 685 2702 ambo“.
709 2673 750 2683 —
773 2644 844 2702 458.
874 2639 1028 2720 (4414494443
1056 2664 1092 2702 ex
1114 2644 1257 2704 Diomede

132 2751 317 2821 restitutum,
342 2747 393 2824 qui
410 2746 426 2804 I
442 2767 472 2824 p.
486 2748 546 2805 378
561 2747 638 2805 hunc
656 2767 773 2805 versum
793 2745 889 2820 effert,
914 2745 1259 2804 41.411Β441111.442.-

133 2853 207 2911 459.
249 2844 313 2911 Uos
341 2864 476 2926 quoque,
510 2849 580 2909 Lor.
605 2855 740 2908 enarrat:
778 2854 830 2922 „ut
859 2854 889 2907 44
911 2867 967 2924 ego
989 2843 1095 2922 facio“‚
1130 2848 1258 2926 quodsi
1312 2921 1316 2928 Ι

133 2954 280 3012 voluisset
302 2951 439 3024 Plautus,
474 2953 700 3030 perspicuitatis
729 2971 818 3011 cauea
851 2951 960 3010 addere
993 2951 1107 3010 debuit.
1168 2951 1259 3010 Aliud

134 3057 228 3114 fuisse
257 3054 377 3114 videtur
404 3055 491 3122 velut
513 3054 601 3127 „Uos
615 3053 733 3132 potius“
765 3062 816 3113 aut
840 3055 919 3126 „er
949 3051 1081 3112 ornnea“.
1128 3047 1259 3124 Terram

135 3161 263 3236 tempere
281 3159 344 3216 eius
363 3161 417 3229 eet,
441 3160 493 3234 qui
510 3159 619 3216 inferos
642 3163 694 3216 aut
714 3176 814 3216 manee
837 3157 908 3214 deos
927 3163 978 3215 aut
993 3157 1090 3234 ipsam
1107 3156 1257 3215 Tellurem

134 3265 270 3333 invocat,
305 3281 331 3320 v.
367 3259 452 3319 Hom.
486 3261 520 3318 ll.
556 3259 612 3333 lX,
648 3261 719 3318 568.
784 3259 917 3317 Μ441ο11.
955 3259 1014 3318 Sat.
1045 3258 1103 3331 ΙΠ,
1138 3262 1173 3331 9,
1206 3261 1258 3318 121

138 3384 249 3442 „quum
269 3363 418 3421 Tellurem
441 3362 524 3436 dicit,
548 3361 684 3421 manibus
706 3367 817 3421 terram
839 3357 968 3436 tangit“.
1018 3361 1103 3420 Varr.
1122 3359 1158 3420 R.
1177 3361 1212 3420 R.
1235 3361 1258 3435 Ι,

137 3471 167 3543 2,
192 3470 242 3525 27.
265 3496 308 3506 -
330 3463 407 3542 quin
431 3459 571 3543 eloquere
594 3464 694 3536 codd.;
717 3469 789 3541 post
811 3484 875 3540 quae
899 3484 989 3540 quum
1012 3464 1127 3540 syllaba
1142 3463 1260 3522 deside-

136 3576 266 3643 raretur,
290 3568 420 3644 Pylades
446 3565 540 3640 „iam“
567 3566 710 3640 addebat,
739 3566 827 3626 Both.
854 3563 966 3642 ,‚rem“.
1011 3566 1070 3624 Sed
1091 3567 1260 3643 proximum

140 3669 255 3748 „Quia“
292 3671 374 3730 aliud
402 3672 545 3748 scriptum
572 3671 662 3729 fuisse
689 3669 810 3728 indicat.
861 3668 976 3728 Ritsch.
1001 3669 1128 3746 exempli
1156 3649 1259 3727 eausa:

141 3776 239 3852 „Quin
271 3775 352 3832 intro
386 3775 461 3832 imus
489 3769 587 3832 huc?“
618 3802 661 3812 --
688 3773 760 3831 462.
800 3763 1100 3846 Circumspicedum,
1135 3769 1172 3828 of.
1195 3770 1260 3830 Mil.

86 3879 100 3900 ¹
138 3881 217 3938 950:
245 3875 543 3954 „Circumspicedum
566 3897 601 3934 ne
625 3875 691 3952 quis
713 3877 817 3932 nostro
834 3873 881 3932 hic
897 3893 1005 3951 auceps
1023 3874 1154 3932 sermoni
1170 3869 1259 3930 siet“.

137 4013 181 4023 -
196 3982 277 4039 463.
303 3973 483 4038 Sermonem
505 3978 552 4038 ed.
575 4000 620 4057 pr.
644 4007 686 4017 -
709 3977 780 4036 465.
814 3975 924 4035 Versus
946 3978 1024 4034 iusto
1046 3977 1181 4048 longior3
1210 3979 1263 4034 aut

138 4083 226 4163 sueta
248 4082 297 4141 eet
318 4081 452 4155 delenda,
475 4087 509 4139 ut
531 4082 692 4140 scribatur:
724 4078 822 4154 „Quid
843 4078 875 4136 id
893 4076 992 4150 est?“,
1016 4085 1068 4136 aut
1087 4073 1171 4152 Quid
1193 4075 1262 4137 eet?

140 4187 237 4260 Both.,
261 4185 297 4246 R.
308 4185 460 4243 licentius:
500 4184 662 4262 „Caputale
684 4179 843 4241 factumst?
878 4181 940 4240 ΤΗ.
965 4180 1043 4252 Quid
1064 4181 1096 4238 id
1118 4176 1206 4239 444’1“
1221 4209 1263 4222 -·

145 4282 316 4364 0441444444,
340 4287 376 4345 41.
400 4287 464 4345 Mil.
490 4288 565 4347 296:
604 4285 756 4361 „fraudem
779 4279 967 4360 capitalem“.
1012 4283 1080 4342 Ter.
1103 4283 1160 4343 Ad.
1185 4285 1262 4343 7231
