2982 5004
276 411 338 471 232
453 465 458 475 ,
788 405 880 458 euno

734 595 935 660 Messenio

276 705 339 770 Pro
361 705 396 771 di
417 705 617 784 inmortales,
639 704 718 788 quid
742 725 803 787 ego
828 703 949 768 uideo?

663 845 944 913 Menaechmus
968 845 999 910 11

912 953 997 1032 Quid
1019 956 1136 1021 uides?

627 1093 636 1110 ‘
735 1087 936 1154 Messenio

1043 1275 1047 1284 .
1096 1197 1268 1282 Speculum
1291 1203 1393 1259 tuum

666 1321 948 1388 Menaechmus
969 1320 1005 1386 11

274 1431 359 1510 Quid
380 1433 490 1514 negoti
514 1429 586 1496 eet?

730 1535 936 1604 Messenio

524 1645 596 1712 Tua
617 1653 668 1714 eet
690 1647 813 1728 imago:
837 1655 905 1712 tam
928 1647 1130 1726 consimilia,
1152 1667 1251 1730 quam
1273 1651 1393 1729 potest.

662 1779 945 1872 Menaechmus
968 1777 1006 1842 11

179 1917 187 1932 ·
273 1887 330 1952 Pol
343 1887 489 1972 profecto
509 1887 597 1954 haud
614 1893 665 1954 eat
677 1886 855 1964 dissimilis,
875 1905 980 1951 meam
993 1908 1091 1971 quom
1102 1887 1242 1952 formam
1255 1885 1390 1950 noscito.

667 2017 958 2084 Menaechmus·
977 2016 992 2081 1

272 2127 298 2193 Ο
322 2127 526 2206 adulescens,
550 2127 650 2206 salue,
673 2129 730 2210 qui
754 2148 804 2190 me
827 2127 1014 2205 semanimi,
1038 2127 1187 2210 quisquis
1210 2145 1253 2190 ea.
1327 2143 1391 2194 1015

729 2257 934 2326 Messenio

271 2367 484 2448 Adulescens,
506 2388 629 2453 quaeso
652 2367 761 2434 hercle
784 2368 936 2453 eloquere
958 2372 1051 2433 tuum
1073 2365 1152 2431 mihi
1176 2385 1301 2445 nomeu,
1327 2365 1388 2428 nisi
1423 2407 1427 2418 -

1034 2476 1133 2559 piget.

668 2583 987 2652 Meuaeohmusl
1171 2571 1183 2600 ⁶

265 2691 340 2758 Non
355 2692 481 2777 ,edepol
501 2694 550 2760 ita
572 2696 782 2778 promeruisti
804 2694 844 2759 de
868 2715 930 2772 me,
953 2701 991 2758 ut
1012 2694 1130 2776 pigeat,
1152 2713 1238 2773 quae
1260 2691 1349 2770 uella

267 2799 393 2884 Eloqui.
438 2801 519 2868 Mihi
542 2809 592 2868 ast
613 2802 821 2868 Menaechmo
844 2823 971 2868 noman.

916 3063 920 3072 ’
989 3053 1092 3118 Immo
1115 3051 1233 3135 edepol
1254 3050 1339 3117 mihi.

666 3195 950 3262 Menaechmus
972 3151 988 3259 l

143 3325 147 3334 ·
269 3301 394 3367 Siculus
418 3326 489 3369 aum
513 3303 742 3388 Syracusanus.

656 3447 938 3512 Menaechmus
960 3445 997 3511 Il

795 3553 1310 3638 mmmmlmmmi

656 2943 942 3012 Menaechmus
964 2944 1046 3009 11

667 3697 949 3764 Menaechmus
972 3697 987 3762 l

268 3803 353 3880 Quid
376 3827 435 3888 ego
459 3827 498 3871 ex
520 3813 552 3872 te
575 3807 705 3892 audio?⁴

353 4047 419 4099 1040
437 4049 524 4100 tumet
540 4048 575 4112 Β,
593 4050 652 4100 lum
671 4047 755 4125 eall)
817 4049 934 4104 consilia
953 4050 996 4101 eal
1058 4047 1123 4099 1044
1140 4045 1246 4101 meaG
1302 4058 1377 4113 quem

334 4149 385 4185 uos
404 4133 476 4186 scito
494 4129 522 4184 B
579 4125 645 4185 1045
663 4133 820 4188 seruastio
880 4137 944 4188 1046
963 4133 1025 4201 quia
1043 4131 1156 4188 eroleO
1216 4133 1329 4200 loquere

266 4216 346 4284 piger
363 4215 398 4285 B,
417 4217 478 4285 pier
497 4215 519 4272 0
575 4219 649 4271 ’1047
665 4217 728 4272 Non
743 4235 791 4272 me
810 4219 945 4290 depolB,
968 4218 1031 4273 Non
1049 4236 1094 4273 me
1112 4217 1215 4286 edepol
1235 4217 1258 4272 0
1320 4215 1377 4268 1048

266 4299 367 4369 Eloqui
385 4315 435 4356 om.
491 4304 556 4357 1049
574 4319 606 4361 ee
624 4303 722 4358 domus
742 4309 770 4358 at
787 4305 879 4374 patria
897 4309 940 4358 eei
