3030 5050
111 378 149 446 11,
170 383 197 450 s,
217 381 303 433 9—16
629 381 736 435 caena.
1204 391 1240 452 17

111 573 177 650 Qui
203 573 358 654 quom'am
383 592 456 634 amo
479 568 641 638 Casinam.
668 573 772 651 magis
796 571 895 634 nimio
921 574 1091 638 munditiis
1114 575 1241 640 Mundi-

835 681 912 743 tiom
934 683 1077 747 antideo.
1295 669 1298 676 ¹

111 791 308 874 Myropolas
330 790 433 854 omnis
456 785 611 868 sollicito;
635 787 831 871 ubicumque
855 797 906 854 est
928 789 1073 872 lepidum
1095 813 1240 874 unguen·

837 905 906 962 tum
931 918 1067 982 unguor,

112 1009 157 1074 Ut
182 1007 235 1071 illi
260 1007 423 1090 placeam
458 1011 492 1068 ot
520 1004 647 1087 placeo,
678 1013 714 1070 ut
742 1004 865 1070 uideor.
912 1005 976 1070 Sed
1005 1028 1087 1071 uxor
1115 1029 1165 1073 me
1188 1031 1264 1073 ex·-

836 1115 971 1193 oruoiat,
994 1116 1071 1198 quia
1094 1118 1187 1182 uiuit.

107 1224 260 1290 Tristem
288 1222 421 1286 adstare
449 1221 606 1305 adspicio.
669 1221 792 1286 Blande
820 1222 902 1288 haeo
933 1222 1010 1287 mihi
1040 1224 1127 1289 mala
1155 1247 1241 1290 mers
1336 1248 1338 1262 ’

833 1330 1032 1415 adpellands
1054 1340 1113 1398 est.
1193 1352 1245 1404 a1o

111 1443 210 1509 Uxor
236 1461 310 1506 mes
332 1461 469 1524 meaque
492 1441 683 1514 amoenitas,
707 1439 785 1522 quid
808 1445 844 1502 tu
869 1441 962 1522 agis?

564 1580 803 1646 Cleostrata

743 1689 803 1754 Abi
826 1697 927 1776 atquo
949 1691 1077 1757 abstine
1101 1716 1242 1760 menum.

563 1831 803 1916 Lysidamus

108 1945 213 2020 Heia,
240 1962 312 2005 mea
333 1941 424 2017 Iuno,
448 1961 512 2006 nou
536 1941 630 2006 decet
653 1963 724 2007 esse
747 1949 779 2005 te
803 1949 872 2006 tam
894 1944 1019 2008 tristem
1042 1953 1100 2009 tuo
1123 1945 1203 2009 loui.

111 2053 189 2132 Quo
217 2071 304 2115 nuno
326 2049 423 2114 abis?
486 2121 491 2138 ι

565 2155 805 2224 Cleostrata

414 2267 509 2332 Mitte
532 2287 591 2332 me.

560 2408 805 2494 Lysidamus
874 2389 878 2394 ¹

553 2517 658 2582 Mane.

565 2658 809 2728 Cleostrata

639 2767 711 2835 Non
735 2791 859 2835 maneo.

564 2911 805 2997 Lysidamus

834 3019 879 3084 At
900 3020 954 3101 pol
978 3040 1037 3103 ego
1061 3027 1093 3084 te
1117 3041 1245 3104 sequar.

565 3163 804 3229 Cleostrata

207 3276 365 3351 Obsecro,
389 3293 493 3338 sanun
516 3272 576 3336 es?

565 3413 806 3498 Lysidamus

619 3522 735 3602 Sanus,
760 3544 860 3608 quom
881 3524 936 3588 ted
960 3545 1044 3589 amo.
1124 3563 1128 3570 -

567 3665 808 3732 Cleostrata

210 3777 295 3843 Nolo
318 3798 415 3843 ames.

116 3953 283 3965 -,......-..-..
288 3951 348 3958 ...-

210 4035 261 4086 207
279 4030 331 4098 Qui
349 4049 432 4100 quem
450 4049 513 4086 amo
609 4032 716 4086 Casiam
735 4030 763 4085 B
859 4032 942 4086 inicio
961 4031 1013 4098 ΒΙ,
1032 4031 1133 4084 ianitio
1151 4030 1182 4084 Ε

115 4117 358 4200 mundiliantideo
470 4119 521 4171 208
539 4117 609 4170 Miro
627 4119 675 4187 pol
693 4118 744 4170 has
763 4116 829 4184 ΒΕ,
847 4116 1038 4184 Miropolasl
1147 4135 1176 4170 es
1193 4114 1252 4171 ΒΕ
1340 4103 1343 4109 ’

116 4209 172 4263 209
188 4190 306 4274 'placeat
324 4202 382 4257 ΒΕ
474 4205 525 4256 210
542 4221 574 4257 ao
592 4203 622 4257 Ε
716 4202 851 4257 maiores
952 4205 999 4254 211
1021 4219 1083 4256 amo
1103 4203 1201 4256 emitas
1220 4201 1251 4254 Ε

117 4296 173 4350 212
191 4292 247 4346 Eia
264 4289 311 4344 ΙΕ
380 4291 445 4342 iuro
464 4288 495 4342 Ε
562 4292 612 4342 214
631 4306 715 4342 sanus
734 4290 802 4343 esI
868 4305 950 4356 quarn

1008 4418 1010 4423 ·
1029 4399 1046 4450 2
