<?xml version="1.0" encoding="UTF-8"?>
<!DOCTYPE html PUBLIC "-//W3C//DTD XHTML 1.0 Transitional//EN"
    "http://www.w3.org/TR/xhtml1/DTD/xhtml1-transitional.dtd">
<html xmlns="http://www.w3.org/1999/xhtml" xml:lang="en" lang="en">
 <head>
  <title>
</title>
<meta http-equiv="Content-Type" content="text/html;charset=utf-8" />
  <meta name='ocr-system' content='tesseract 3.04.00' />
  <meta name='ocr-capabilities' content='ocr_page ocr_carea ocr_par ocr_line ocrx_word'/>
</head>
<body>
  <div class='ocr_page' id='page_1' title='image "./tmacciiplautico03ussigoog_0027.png"; bbox 0 0 3030 5050; ppageno 0'>
   <div class='ocr_carea' id='block_1_1' title="bbox 781 369 1393 436">
    <p class='ocr_par' dir='ltr' id='par_1_1' title="bbox 781 369 1393 436">
     <span class='ocr_line' id='line_1_1' title="bbox 781 369 1393 436; baseline -0.003 -12"><span class='ocrx_word' id='word_1_1' title='bbox 781 371 872 425; x_wconf 83' lang='lat' dir='ltr'><strong>Plauti</strong></span> <span class='ocrx_word' id='word_1_2' title='bbox 1055 375 1059 380; x_wconf 87' lang='lat'>&#39;</span> <span class='ocrx_word' id='word_1_3' title='bbox 1157 369 1194 434; x_wconf 87' lang='lat'><strong>11,</strong></span> <span class='ocrx_word' id='word_1_4' title='bbox 1212 372 1236 436; x_wconf 85' lang='lat'><strong>2,</strong></span> <span class='ocrx_word' id='word_1_5' title='bbox 1256 371 1354 429; x_wconf 77' lang='lat'><strong>37—3,</strong></span> <span class='ocrx_word' id='word_1_6' title='bbox 1374 371 1393 422; x_wconf 80' lang='grc'>8</span> 
     </span>
    </p>
   </div>
   <div class='ocr_carea' id='block_1_2' title="bbox 650 561 1072 750">
    <p class='ocr_par' dir='ltr' id='par_1_2' title="bbox 650 561 1072 750">
     <span class='ocr_line' id='line_1_2' title="bbox 722 561 927 644; baseline -0.01 -18"><span class='ocrx_word' id='word_1_7' title='bbox 722 561 927 644; x_wconf 78' lang='lat' dir='ltr'><strong>Myrrhina</strong></span> 
     </span>
     <span class='ocr_line' id='line_1_3' title="bbox 650 667 1072 750; baseline -0.007 -15"><span class='ocrx_word' id='word_1_8' title='bbox 650 669 729 749; x_wconf 82' lang='lat' dir='ltr'><strong>Quis</strong></span> <span class='ocrx_word' id='word_1_9' title='bbox 751 677 813 748; x_wconf 82' lang='lat' dir='ltr'><strong>ent,</strong></span> <span class='ocrx_word' id='word_1_10' title='bbox 836 689 933 750; x_wconf 90' lang='lat' dir='ltr'><strong>quem</strong></span> <span class='ocrx_word' id='word_1_11' title='bbox 956 667 1072 734; x_wconf 80' lang='lat' dir='ltr'><strong>uides?</strong></span> 
     </span>
    </p>
   </div>
   <div class='ocr_carea' id='block_1_3' title="bbox 349 810 1392 1114">
    <p class='ocr_par' dir='ltr' id='par_1_3' title="bbox 349 810 1392 1114">
     <span class='ocr_line' id='line_1_4' title="bbox 702 810 939 877; baseline -0.013 0"><span class='ocrx_word' id='word_1_12' title='bbox 702 810 939 877; x_wconf 75' lang='lat' dir='ltr'><strong>Cleostrata</strong></span> 
     </span>
     <span class='ocr_line' id='line_1_5' title="bbox 1066 919 1392 992; baseline 0.015 -8"><span class='ocrx_word' id='word_1_13' title='bbox 1066 919 1124 985; x_wconf 92' lang='lat' dir='ltr'><strong>Uir</strong></span> <span class='ocrx_word' id='word_1_14' title='bbox 1146 939 1256 985; x_wconf 85' lang='lat' dir='ltr'><strong>eccum</strong></span> <span class='ocrx_word' id='word_1_15' title='bbox 1278 922 1315 986; x_wconf 86' lang='lat' dir='ltr'><strong>it.</strong></span> <span class='ocrx_word' id='word_1_16' title='bbox 1339 939 1392 992; x_wconf 79' lang='lat'><strong>195</strong></span> 
     </span>
     <span class='ocr_line' id='line_1_6' title="bbox 349 1028 899 1114; baseline -0.009 -18"><span class='ocrx_word' id='word_1_17' title='bbox 349 1031 439 1097; x_wconf 90' lang='lat' dir='ltr'><strong>Intro</strong></span> <span class='ocrx_word' id='word_1_18' title='bbox 461 1031 533 1111; x_wconf 87' lang='lat' dir='ltr'><strong>abi;</strong></span> <span class='ocrx_word' id='word_1_19' title='bbox 556 1031 749 1114; x_wconf 69' lang='lat' dir='ltr'><strong>adproperat,</strong></span> <span class='ocrx_word' id='word_1_20' title='bbox 772 1028 899 1095; x_wconf 91' lang='lat' dir='ltr'><strong>amabo.</strong></span> 
     </span>
    </p>
   </div>
   <div class='ocr_carea' id='block_1_4' title="bbox 349 1167 1297 1578">
    <p class='ocr_par' dir='ltr' id='par_1_4' title="bbox 349 1167 1297 1578">
     <span class='ocr_line' id='line_1_7' title="bbox 725 1167 928 1252; baseline 0 -20"><span class='ocrx_word' id='word_1_21' title='bbox 725 1167 928 1252; x_wconf 80' lang='lat' dir='ltr'><strong>Myrrhina</strong></span> 
     </span>
     <span class='ocr_line' id='line_1_8' title="bbox 937 1275 1297 1359; baseline 0 -19"><span class='ocrx_word' id='word_1_22' title='bbox 937 1275 1103 1359; x_wconf 61' lang='lat' dir='ltr'><strong>inpetrem</strong></span> <span class='ocrx_word' id='word_1_23' title='bbox 1125 1295 1180 1357; x_wconf 67' lang='lat' dir='ltr'><strong>cqc</strong></span> <span class='ocrx_word' id='word_1_24' title='bbox 1204 1275 1297 1341; x_wconf 78' lang='lat' dir='ltr'><strong>abac.</strong></span> 
     </span>
     <span class='ocr_line' id='line_1_9' title="bbox 349 1383 1133 1470; baseline -0.005 -18"><span class='ocrx_word' id='word_1_25' title='bbox 349 1388 424 1452; x_wconf 84' lang='lat' dir='ltr'><strong>Mox</strong></span> <span class='ocrx_word' id='word_1_26' title='bbox 447 1388 549 1469; x_wconf 82' lang='lat' dir='ltr'><strong>magis</strong></span> <span class='ocrx_word' id='word_1_27' title='bbox 573 1407 671 1470; x_wconf 90' lang='lat' dir='ltr'><strong>quom</strong></span> <span class='ocrx_word' id='word_1_28' title='bbox 694 1387 796 1450; x_wconf 87' lang='lat' dir='ltr'><strong>otium</strong></span> <span class='ocrx_word' id='word_1_29' title='bbox 821 1385 897 1448; x_wconf 89' lang='lat' dir='ltr'><strong>mihi</strong></span> <span class='ocrx_word' id='word_1_30' title='bbox 922 1392 956 1448; x_wconf 87' lang='lat' dir='ltr'><strong>et</strong></span> <span class='ocrx_word' id='word_1_31' title='bbox 978 1383 1038 1448; x_wconf 89' lang='lat' dir='ltr'><strong>tibi</strong></span> <span class='ocrx_word' id='word_1_32' title='bbox 1061 1386 1133 1462; x_wconf 90' lang='lat' dir='ltr'><strong>erit,</strong></span> 
     </span>
     <span class='ocr_line' id='line_1_10' title="bbox 350 1494 952 1578; baseline -0.003 -19"><span class='ocrx_word' id='word_1_33' title='bbox 350 1497 452 1577; x_wconf 81' lang='lat' dir='ltr'><strong>Igitur</strong></span> <span class='ocrx_word' id='word_1_34' title='bbox 474 1505 582 1560; x_wconf 91' lang='lat' dir='ltr'><strong>tecum</strong></span> <span class='ocrx_word' id='word_1_35' title='bbox 606 1495 737 1578; x_wconf 89' lang='lat' dir='ltr'><strong>loquar;</strong></span> <span class='ocrx_word' id='word_1_36' title='bbox 761 1513 845 1558; x_wconf 90' lang='lat' dir='ltr'><strong>nunc</strong></span> <span class='ocrx_word' id='word_1_37' title='bbox 868 1494 952 1558; x_wconf 86' lang='lat' dir='ltr'><strong>nale.</strong></span> 
     </span>
    </p>
   </div>
   <div class='ocr_carea' id='block_1_5' title="bbox 705 1629 1112 1804">
    <p class='ocr_par' dir='ltr' id='par_1_5' title="bbox 705 1629 1112 1804">
     <span class='ocr_line' id='line_1_11' title="bbox 705 1629 942 1696; baseline 0 -2"><span class='ocrx_word' id='word_1_38' title='bbox 705 1629 942 1696; x_wconf 75' lang='lat' dir='ltr'><strong>Cleostrata</strong></span> 
     </span>
     <span class='ocr_line' id='line_1_12' title="bbox 983 1739 1112 1804; baseline -0.008 -1"><span class='ocrx_word' id='word_1_39' title='bbox 983 1739 1112 1804; x_wconf 77' lang='lat' dir='ltr'><strong>Ualens.</strong></span> 
     </span>
    </p>
   </div>
   <div class='ocr_carea' id='block_1_6' title="bbox 356 2030 1289 2101">
    <p class='ocr_par' dir='ltr' id='par_1_6' title="bbox 356 2030 1289 2101">
     <span class='ocr_line' id='line_1_13' title="bbox 356 2030 1289 2101; baseline -0.009 -1"><span class='ocrx_word' id='word_1_40' title='bbox 356 2034 598 2101; x_wconf 79' lang='lat' dir='ltr'>LYSIDAMUS</span> <span class='ocrx_word' id='word_1_41' title='bbox 622 2032 771 2098; x_wconf 76' lang='lat' dir='ltr'>SENEX.</span> <span class='ocrx_word' id='word_1_42' title='bbox 816 2030 1090 2097; x_wconf 80' lang='lat' dir='ltr'>CLEOSTRATA</span> <span class='ocrx_word' id='word_1_43' title='bbox 1115 2031 1289 2097; x_wconf 74' lang='lat' dir='ltr'><strong>Mucluu,</strong></span> 
     </span>
    </p>
   </div>
   <div class='ocr_carea' id='block_1_7' title="bbox 264 2205 1388 3694">
    <p class='ocr_par' dir='ltr' id='par_1_7' title="bbox 264 2205 1388 3694">
     <span class='ocr_line' id='line_1_14' title="bbox 703 2205 936 2288; baseline 0 -20"><span class='ocrx_word' id='word_1_44' title='bbox 703 2205 936 2288; x_wconf 67' lang='lat' dir='ltr'><strong>Lymdamus</strong></span> 
     </span>
     <span class='ocr_line' id='line_1_15' title="bbox 264 2311 1332 2398; baseline -0.004 -16"><span class='ocrx_word' id='word_1_45' title='bbox 264 2317 425 2382; x_wconf 83' lang='lat' dir='ltr'><strong>Omnibus</strong></span> <span class='ocrx_word' id='word_1_46' title='bbox 448 2335 508 2398; x_wconf 79' lang='lat' dir='ltr'><strong>ego</strong></span> <span class='ocrx_word' id='word_1_47' title='bbox 530 2336 672 2379; x_wconf 84' lang='lat' dir='ltr'><strong>amorem</strong></span> <span class='ocrx_word' id='word_1_48' title='bbox 696 2311 793 2394; x_wconf 86' lang='lat' dir='ltr'><strong>credo</strong></span> <span class='ocrx_word' id='word_1_49' title='bbox 815 2312 975 2377; x_wconf 84' lang='lat' dir='ltr'><strong>nitoribus</strong></span> <span class='ocrx_word' id='word_1_50' title='bbox 996 2312 1109 2378; x_wconf 85' lang='lat' dir='ltr'><strong>nitidis</strong></span> <span class='ocrx_word' id='word_1_51' title='bbox 1132 2315 1332 2394; x_wconf 86' lang='lat' dir='ltr'><strong>anteuenirc,</strong></span> 
     </span>
     <span class='ocr_line' id='line_1_16' title="bbox 264 2421 1386 2507; baseline 0 -19"><span class='ocrx_word' id='word_1_52' title='bbox 264 2424 331 2490; x_wconf 88' lang='lat' dir='ltr'><strong>Nec</strong></span> <span class='ocrx_word' id='word_1_53' title='bbox 355 2425 440 2507; x_wconf 83' lang='lat' dir='ltr'><strong>potis</strong></span> <span class='ocrx_word' id='word_1_54' title='bbox 463 2423 640 2506; x_wconf 90' lang='lat' dir='ltr'><strong>quidquam</strong></span> <span class='ocrx_word' id='word_1_55' title='bbox 663 2422 917 2498; x_wconf 87' lang='lat' dir='ltr'><strong>commemorari,</strong></span> <span class='ocrx_word' id='word_1_56' title='bbox 949 2421 1035 2502; x_wconf 92' lang='lat' dir='ltr'><strong>quod</strong></span> <span class='ocrx_word' id='word_1_57' title='bbox 1054 2421 1128 2506; x_wconf 84' lang='lat' dir='ltr'><strong>plus</strong></span> <span class='ocrx_word' id='word_1_58' title='bbox 1149 2423 1226 2487; x_wconf 84' lang='lat' dir='ltr'><strong>salis</strong></span> <span class='ocrx_word' id='word_1_59' title='bbox 1244 2422 1386 2506; x_wconf 87' lang='lat' dir='ltr'><strong>plusque</strong></span> 
     </span>
     <span class='ocr_line' id='line_1_17' title="bbox 979 2529 1388 2612; baseline 0 -19"><span class='ocrx_word' id='word_1_60' title='bbox 979 2529 1100 2612; x_wconf 88' lang='lat' dir='ltr'><strong>leporis</strong></span> <span class='ocrx_word' id='word_1_61' title='bbox 1334 2547 1388 2600; x_wconf 78' lang='lat' dir='ltr'><strong>cco</strong></span> 
     </span>
     <span class='ocr_line' id='line_1_18' title="bbox 265 2638 1387 2722; baseline -0.001 -18"><span class='ocrx_word' id='word_1_62' title='bbox 265 2640 403 2705; x_wconf 88' lang='lat' dir='ltr'><strong>Habeat.</strong></span> <span class='ocrx_word' id='word_1_63' title='bbox 449 2638 579 2721; x_wconf 81' lang='lat' dir='ltr'><strong>Coqucs</strong></span> <span class='ocrx_word' id='word_1_64' title='bbox 598 2639 747 2721; x_wconf 82' lang='lat' dir='ltr'><strong>equidem</strong></span> <span class='ocrx_word' id='word_1_65' title='bbox 765 2639 915 2713; x_wconf 75' lang='lat' dir='ltr'><strong>demiror,</strong></span> <span class='ocrx_word' id='word_1_66' title='bbox 937 2639 991 2722; x_wconf 92' lang='lat' dir='ltr'><strong>qui</strong></span> <span class='ocrx_word' id='word_1_67' title='bbox 1010 2646 1146 2703; x_wconf 88' lang='lat' dir='ltr'><strong>utuntur</strong></span> <span class='ocrx_word' id='word_1_68' title='bbox 1158 2639 1387 2718; x_wconf 84' lang='lat' dir='ltr'><strong>condimentis&#39;,</strong></span> 
     </span>
     <span class='ocr_line' id='line_1_19' title="bbox 267 2746 1380 2833; baseline 0 -21"><span class='ocrx_word' id='word_1_69' title='bbox 267 2750 329 2812; x_wconf 81' lang='lat' dir='ltr'><strong>Eos</strong></span> <span class='ocrx_word' id='word_1_70' title='bbox 352 2771 390 2812; x_wconf 86' lang='lat' dir='ltr'><strong>co</strong></span> <span class='ocrx_word' id='word_1_71' title='bbox 413 2749 622 2812; x_wconf 86' lang='lat' dir='ltr'><strong>condimento</strong></span> <span class='ocrx_word' id='word_1_72' title='bbox 646 2768 710 2811; x_wconf 88' lang='lat' dir='ltr'><strong>uno</strong></span> <span class='ocrx_word' id='word_1_73' title='bbox 733 2767 797 2810; x_wconf 83' lang='lat' dir='ltr'><strong>nou</strong></span> <span class='ocrx_word' id='word_1_74' title='bbox 820 2749 914 2818; x_wconf 85' lang='lat' dir='ltr'><strong>utier,</strong></span> <span class='ocrx_word' id='word_1_75' title='bbox 940 2746 1092 2833; x_wconf 85' lang='lat' dir='ltr'><strong>omnibus</strong></span> <span class='ocrx_word' id='word_1_76' title='bbox 1116 2746 1201 2830; x_wconf 89' lang='lat' dir='ltr'><strong>quod</strong></span> <span class='ocrx_word' id='word_1_77' title='bbox 1221 2756 1380 2830; x_wconf 59' lang='lat' dir='ltr'><strong>praestan</strong></span> 
     </span>
     <span class='ocr_line' id='line_1_20' title="bbox 264 2855 1381 2938; baseline 0 -18"><span class='ocrx_word' id='word_1_78' title='bbox 264 2856 349 2920; x_wconf 89' lang='lat' dir='ltr'><strong>Nam</strong></span> <span class='ocrx_word' id='word_1_79' title='bbox 373 2856 428 2921; x_wconf 92' lang='lat' dir='ltr'><strong>ubi</strong></span> <span class='ocrx_word' id='word_1_80' title='bbox 457 2876 548 2921; x_wconf 85' lang='lat' dir='ltr'><strong>amor</strong></span> <span class='ocrx_word' id='word_1_81' title='bbox 576 2855 819 2920; x_wconf 84' lang='lat' dir='ltr'><strong>condimentum</strong></span> <span class='ocrx_word' id='word_1_82' title='bbox 848 2855 996 2930; x_wconf 86' lang='lat' dir='ltr'><strong>infuerit,</strong></span> <span class='ocrx_word' id='word_1_83' title='bbox 1024 2857 1154 2937; x_wconf 88' lang='lat' dir='ltr'><strong>quoiuis</strong></span> <span class='ocrx_word' id='word_1_84' title='bbox 1184 2857 1381 2938; x_wconf 87' lang='lat' dir='ltr'><strong>placiturum</strong></span> 
     </span>
     <span class='ocr_line' id='line_1_21' title="bbox 979 2963 1087 3040; baseline 0.009 -12"><span class='ocrx_word' id='word_1_85' title='bbox 979 2963 1087 3040; x_wconf 85' lang='lat' dir='ltr'><strong>credo,</strong></span> 
     </span>
     <span class='ocr_line' id='line_1_22' title="bbox 265 3071 1387 3157; baseline -0.002 -19"><span class='ocrx_word' id='word_1_86' title='bbox 265 3073 378 3157; x_wconf 88' lang='lat' dir='ltr'><strong>Neque</strong></span> <span class='ocrx_word' id='word_1_87' title='bbox 400 3073 522 3137; x_wconf 85' lang='lat' dir='ltr'><strong>salsum</strong></span> <span class='ocrx_word' id='word_1_88' title='bbox 545 3093 648 3154; x_wconf 86' lang='lat' dir='ltr'><strong>neque</strong></span> <span class='ocrx_word' id='word_1_89' title='bbox 673 3093 774 3136; x_wconf 81' lang='lat' dir='ltr'><strong>suane</strong></span> <span class='ocrx_word' id='word_1_90' title='bbox 792 3093 862 3137; x_wconf 85' lang='lat' dir='ltr'><strong>esse</strong></span> <span class='ocrx_word' id='word_1_91' title='bbox 879 3081 990 3156; x_wconf 83' lang='lat' dir='ltr'><strong>potest</strong></span> <span class='ocrx_word' id='word_1_92' title='bbox 1006 3073 1194 3155; x_wconf 86' lang='lat' dir='ltr'><strong>quidquam,</strong></span> <span class='ocrx_word' id='word_1_93' title='bbox 1217 3071 1273 3136; x_wconf 91' lang='lat' dir='ltr'><strong>ubi</strong></span> <span class='ocrx_word' id='word_1_94' title='bbox 1292 3093 1387 3138; x_wconf 90' lang='lat' dir='ltr'><strong>amor</strong></span> 
     </span>
     <span class='ocr_line' id='line_1_23' title="bbox 410 3163 1272 3245; baseline -0.003 2"><span class='ocrx_word' id='word_1_95' title='bbox 410 3163 414 3174; x_wconf 53' lang='grc'><strong>’</strong></span> <span class='ocrx_word' id='word_1_96' title='bbox 978 3201 1042 3245; x_wconf 92' lang='lat' dir='ltr'><strong>non</strong></span> <span class='ocrx_word' id='word_1_97' title='bbox 1066 3181 1272 3245; x_wconf 80' lang='lat' dir='ltr'><strong>admiscetur.</strong></span> 
     </span>
     <span class='ocr_line' id='line_1_24' title="bbox 266 3288 1385 3373; baseline 0.001 -20"><span class='ocrx_word' id='word_1_98' title='bbox 266 3289 321 3354; x_wconf 75' lang='lat' dir='ltr'><strong>uel</strong></span> <span class='ocrx_word' id='word_1_99' title='bbox 350 3288 438 3373; x_wconf 91' lang='lat' dir='ltr'><strong>quod</strong></span> <span class='ocrx_word' id='word_1_100' title='bbox 465 3309 612 3353; x_wconf 84' lang='lat' dir='ltr'><strong>amarum</strong></span> <span class='ocrx_word' id='word_1_101' title='bbox 641 3295 703 3366; x_wconf 85' lang='lat' dir='ltr'><strong>cst,</strong></span> <span class='ocrx_word' id='word_1_102' title='bbox 737 3290 769 3352; x_wconf 91' lang='lat' dir='ltr'><strong>id</strong></span> <span class='ocrx_word' id='word_1_103' title='bbox 800 3290 861 3352; x_wconf 85' lang='lat' dir='ltr'><strong>mel</strong></span> <span class='ocrx_word' id='word_1_104' title='bbox 891 3288 1003 3370; x_wconf 82' lang='lat' dir='ltr'><strong>saciet,</strong></span> <span class='ocrx_word' id='word_1_105' title='bbox 1036 3288 1200 3353; x_wconf 89' lang='lat' dir='ltr'><strong>homiuem</strong></span> <span class='ocrx_word' id='word_1_106' title='bbox 1229 3311 1267 3353; x_wconf 87' lang='lat' dir='ltr'><strong>ex</strong></span> <span class='ocrx_word' id='word_1_107' title='bbox 1296 3291 1385 3355; x_wconf 85' lang='lat' dir='ltr'><strong>tristi</strong></span> 
     </span>
     <span class='ocr_line' id='line_1_25' title="bbox 977 3397 1386 3479; baseline 0.017 -19"><span class='ocrx_word' id='word_1_108' title='bbox 977 3397 1122 3479; x_wconf 86' lang='lat' dir='ltr'><strong>lepidum</strong></span> <span class='ocrx_word' id='word_1_109' title='bbox 1145 3405 1178 3462; x_wconf 88' lang='lat' dir='ltr'><strong>et</strong></span> <span class='ocrx_word' id='word_1_110' title='bbox 1199 3399 1315 3462; x_wconf 87' lang='lat' dir='ltr'><strong>lenem.</strong></span> <span class='ocrx_word' id='word_1_111' title='bbox 1334 3415 1386 3467; x_wconf 72' lang='lat' dir='ltr'><strong>act</strong></span> 
     </span>
     <span class='ocr_line' id='line_1_26' title="bbox 267 3503 1386 3589; baseline 0.001 -19"><span class='ocrx_word' id='word_1_112' title='bbox 267 3504 358 3570; x_wconf 87' lang='lat' dir='ltr'><strong>Hanc</strong></span> <span class='ocrx_word' id='word_1_113' title='bbox 381 3525 440 3586; x_wconf 83' lang='lat' dir='ltr'><strong>ego</strong></span> <span class='ocrx_word' id='word_1_114' title='bbox 464 3503 505 3568; x_wconf 86' lang='lat' dir='ltr'><strong>de</strong></span> <span class='ocrx_word' id='word_1_115' title='bbox 534 3526 584 3568; x_wconf 92' lang='lat' dir='ltr'><strong>me</strong></span> <span class='ocrx_word' id='word_1_116' title='bbox 615 3506 836 3570; x_wconf 85' lang='lat' dir='ltr'><strong>coniecturam</strong></span> <span class='ocrx_word' id='word_1_117' title='bbox 867 3506 953 3568; x_wconf 91' lang='lat' dir='ltr'><strong>domi</strong></span> <span class='ocrx_word' id='word_1_118' title='bbox 983 3505 1068 3570; x_wconf 79' lang='lat' dir='ltr'><strong>facio</strong></span> <span class='ocrx_word' id='word_1_119' title='bbox 1099 3507 1200 3588; x_wconf 81' lang='lat' dir='ltr'><strong>magis</strong></span> <span class='ocrx_word' id='word_1_120' title='bbox 1223 3527 1321 3589; x_wconf 87' lang='lat' dir='ltr'><strong>qnam</strong></span> <span class='ocrx_word' id='word_1_121' title='bbox 1344 3527 1386 3571; x_wconf 84' lang='lat' dir='ltr'><strong>ex</strong></span> 
     </span>
     <span class='ocr_line' id='line_1_27' title="bbox 980 3613 1109 3694; baseline -0.016 -15"><span class='ocrx_word' id='word_1_122' title='bbox 980 3613 1109 3694; x_wconf 83' lang='lat' dir='ltr'><strong>auditis,</strong></span> 
     </span>
    </p>
   </div>
   <div class='ocr_carea' id='block_1_8' title="bbox 267 3743 485 3752">
    <p class='ocr_par' dir='ltr' id='par_1_8' title="bbox 267 3743 485 3752">
     <span class='ocr_line' id='line_1_28' title="bbox 267 3743 485 3752; baseline -0.009 0"><span class='ocrx_word' id='word_1_123' title='bbox 267 3743 485 3752; x_wconf 71' lang='lat'>——.—-.-——---.</span> 
     </span>
    </p>
   </div>
   <div class='ocr_carea' id='block_1_9' title="bbox 265 3839 1385 4337">
    <p class='ocr_par' dir='ltr' id='par_1_9' title="bbox 268 3839 1382 3982">
     <span class='ocr_line' id='line_1_29' title="bbox 351 3839 1382 3914; baseline 0.008 -20"><span class='ocrx_word' id='word_1_124' title='bbox 351 3841 399 3894; x_wconf 84' lang='grc'><strong>196</strong></span> <span class='ocrx_word' id='word_1_125' title='bbox 417 3839 454 3893; x_wconf 84' lang='grc' dir='ltr'><strong>Μ.</strong></span> <span class='ocrx_word' id='word_1_126' title='bbox 472 3840 555 3894; x_wconf 91' lang='lat' dir='ltr'><strong>Intro</strong></span> <span class='ocrx_word' id='word_1_127' title='bbox 652 3858 703 3909; x_wconf 74' lang='lat' dir='ltr'><strong>age</strong></span> <span class='ocrx_word' id='word_1_128' title='bbox 722 3842 830 3896; x_wconf 82' lang='lat' dir='ltr'><strong>amabo·</strong></span> <span class='ocrx_word' id='word_1_129' title='bbox 848 3841 902 3897; x_wconf 86' lang='lat' dir='ltr'><strong>CL.</strong></span> <span class='ocrx_word' id='word_1_130' title='bbox 985 3845 1173 3912; x_wconf 78' lang='lat' dir='ltr'><strong>impetrans]</strong></span> <span class='ocrx_word' id='word_1_131' title='bbox 1255 3863 1309 3914; x_wconf 79' lang='lat' dir='ltr'><strong>ego</strong></span> <span class='ocrx_word' id='word_1_132' title='bbox 1328 3862 1382 3902; x_wconf 84' lang='lat' dir='ltr'><strong>om.</strong></span> 
     </span>
     <span class='ocr_line' id='line_1_30' title="bbox 268 3925 762 3982; baseline 0.004 -2"><span class='ocrx_word' id='word_1_133' title='bbox 268 3928 316 3980; x_wconf 75' lang='lat'><strong>19⁷</strong></span> <span class='ocrx_word' id='word_1_134' title='bbox 334 3925 396 3980; x_wconf 85' lang='lat' dir='ltr'><strong>MY.</strong></span> <span class='ocrx_word' id='word_1_135' title='bbox 418 3925 485 3980; x_wconf 85' lang='lat' dir='ltr'><strong>Mox</strong></span> <span class='ocrx_word' id='word_1_136' title='bbox 555 3927 607 3981; x_wconf 88' lang='lat' dir='ltr'><strong>erit</strong></span> <span class='ocrx_word' id='word_1_137' title='bbox 625 3935 654 3981; x_wconf 86' lang='lat' dir='ltr'><strong>et</strong></span> <span class='ocrx_word' id='word_1_138' title='bbox 671 3929 762 3982; x_wconf 78' lang='lat' dir='ltr'><strong>ubil</strong></span> 
     </span>
    </p>

    <p class='ocr_par' dir='ltr' id='par_1_10' title="bbox 265 4009 1385 4337">
     <span class='ocr_line' id='line_1_31' title="bbox 352 4009 1384 4083; baseline 0.007 -19"><span class='ocrx_word' id='word_1_139' title='bbox 352 4009 524 4065; x_wconf 80' lang='lat' dir='ltr'>STALITIO</span> <span class='ocrx_word' id='word_1_140' title='bbox 543 4011 577 4078; x_wconf 90' lang='grc' dir='ltr'><strong>Β,</strong></span> <span class='ocrx_word' id='word_1_141' title='bbox 598 4013 706 4066; x_wconf 77' lang='lat' dir='ltr'><strong>Stclinc</strong></span> <span class='ocrx_word' id='word_1_142' title='bbox 724 4013 771 4068; x_wconf 76' lang='lat' dir='ltr'><strong>Ic</strong></span> <span class='ocrx_word' id='word_1_143' title='bbox 849 4017 897 4068; x_wconf 88' lang='grc'><strong>199</strong></span> <span class='ocrx_word' id='word_1_144' title='bbox 915 4012 1050 4069; x_wconf 79' lang='lat' dir='ltr'><strong>Omnibus</strong></span> <span class='ocrx_word' id='word_1_145' title='bbox 1068 4017 1150 4070; x_wconf 73' lang='lat' dir='ltr'><strong>rebus</strong></span> <span class='ocrx_word' id='word_1_146' title='bbox 1169 4032 1222 4083; x_wconf 80' lang='lat' dir='ltr'><strong>ego</strong></span> <span class='ocrx_word' id='word_1_147' title='bbox 1301 4017 1384 4072; x_wconf 82' lang='lat' dir='ltr'><strong>credo</strong></span> 
     </span>
     <span class='ocr_line' id='line_1_32' title="bbox 266 4096 1385 4169; baseline 0.006 -19"><span class='ocrx_word' id='word_1_148' title='bbox 266 4103 296 4150; x_wconf 85' lang='lat' dir='ltr'><strong>ct</strong></span> <span class='ocrx_word' id='word_1_149' title='bbox 313 4096 450 4149; x_wconf 76' lang='lat' dir='ltr'><strong>nitoribus</strong></span> <span class='ocrx_word' id='word_1_150' title='bbox 519 4097 596 4150; x_wconf 79' lang='lat' dir='ltr'><strong>itidic</strong></span> <span class='ocrx_word' id='word_1_151' title='bbox 614 4096 674 4153; x_wconf 82' lang='lat' dir='ltr'><strong>BE</strong></span> <span class='ocrx_word' id='word_1_152' title='bbox 745 4102 795 4153; x_wconf 78' lang='lat'><strong>200</strong></span> <span class='ocrx_word' id='word_1_153' title='bbox 812 4101 914 4168; x_wconf 77' lang='lat' dir='ltr'><strong>leporis</strong></span> <span class='ocrx_word' id='word_1_154' title='bbox 932 4101 1016 4155; x_wconf 84' lang='lat' dir='ltr'><strong>hodie</strong></span> <span class='ocrx_word' id='word_1_155' title='bbox 1086 4104 1133 4154; x_wconf 80' lang='lat'><strong>201</strong></span> <span class='ocrx_word' id='word_1_156' title='bbox 1154 4101 1282 4169; x_wconf 84' lang='lat' dir='ltr'><strong>equidem</strong></span> <span class='ocrx_word' id='word_1_157' title='bbox 1301 4104 1385 4157; x_wconf 79' lang='lat' dir='ltr'><strong>nimia</strong></span> 
     </span>
     <span class='ocr_line' id='line_1_33' title="bbox 266 4182 1300 4241; baseline 0.007 -7"><span class='ocrx_word' id='word_1_158' title='bbox 266 4182 388 4235; x_wconf 84' lang='lat' dir='ltr'><strong>demiror</strong></span> <span class='ocrx_word' id='word_1_159' title='bbox 464 4183 585 4236; x_wconf 88' lang='lat' dir='ltr'><strong>utuntI</strong></span> <span class='ocrx_word' id='word_1_160' title='bbox 658 4185 709 4238; x_wconf 77' lang='lat'><strong>202</strong></span> <span class='ocrx_word' id='word_1_161' title='bbox 727 4203 784 4239; x_wconf 89' lang='lat' dir='ltr'><strong>non</strong></span> <span class='ocrx_word' id='word_1_162' title='bbox 802 4201 852 4240; x_wconf 77' lang='lat' dir='ltr'><strong>cua</strong></span> <span class='ocrx_word' id='word_1_163' title='bbox 931 4187 1096 4240; x_wconf 70' lang='lat' dir='ltr'><strong>counierit</strong></span> <span class='ocrx_word' id='word_1_164' title='bbox 1173 4189 1252 4241; x_wconf 77' lang='lat' dir='ltr'><strong>cuine</strong></span> <span class='ocrx_word' id='word_1_165' title='bbox 1268 4187 1300 4241; x_wconf 76' lang='lat' dir='ltr'><em>E</em></span> 
     </span>
     <span class='ocr_line' id='line_1_34' title="bbox 265 4266 851 4337; baseline 0.007 -17"><span class='ocrx_word' id='word_1_166' title='bbox 265 4269 429 4337; x_wconf 84' lang='lat' dir='ltr'><strong>placituram</strong></span> <span class='ocrx_word' id='word_1_167' title='bbox 448 4266 505 4321; x_wconf 82' lang='lat' dir='ltr'><strong>BE</strong></span> <span class='ocrx_word' id='word_1_168' title='bbox 572 4270 622 4322; x_wconf 74' lang='lat'><strong>204</strong></span> <span class='ocrx_word' id='word_1_169' title='bbox 639 4269 804 4324; x_wconf 75' lang='lat' dir='ltr'><strong>admiscitur</strong></span> <span class='ocrx_word' id='word_1_170' title='bbox 821 4269 851 4324; x_wconf 84' lang='lat' dir='ltr'><em>E</em></span> 
     </span>
    </p>
   </div>
   <div class='ocr_carea' id='block_1_10' title="bbox 0 0 1526 5044">
    <p class='ocr_par' dir='ltr' id='par_1_11' title="bbox 0 0 1526 5044">
     <span class='ocr_line' id='line_1_35' title="bbox 0 0 1526 5044; baseline 0 0"><span class='ocrx_word' id='word_1_171' title='bbox 0 0 1526 5044; x_wconf 95' lang='lat' dir='ltr'><strong> </strong></span> 
     </span>
    </p>
   </div>
  </div>
 </body>
</html>
