2970 5006
557 375 590 430 v.
628 377 736 430 cs-er..
1156 383 1218 446 307

93 573 231 628 futurum
254 573 307 643 cst,
331 589 390 628 non
414 589 509 630 curas.
555 569 667 630 Ritsch.
690 571 756 644 „Ita
773 567 822 630 es“
843 570 973 630 malebat
995 577 1046 631 cut
1066 572 1131 646 „Ita
1146 569 1217 646 fit“;

93 671 233 749 Seyffert.
250 672 281 730 in
298 672 406 730 Philol.
418 671 519 730 XXIX
530 691 560 750 p.
576 675 651 733 392:
679 671 850 746 „Itanest?¹‘
866 703 907 714 ··-
918 669 1024 748 veiento,
1043 677 1061 733 i.
1075 695 1100 736 s.
1113 677 1216 749 multo,

94 777 132 836 cf.
157 776 237 834 infre
262 777 318 834 141
351 780 382 833 et
410 777 449 835 ad
470 775 575 835 Bacch.
603 778 671 835 120.
696 806 738 816 -
760 779 810 836 70.
845 775 956 836 Versus
985 779 1063 837 insto
1090 779 1216 853 longior,

94 881 120 938 si
146 899 212 938 cum
235 877 345 954 Pylade
368 878 494 938 scribas:
530 879 658 952 „Uenire
682 879 762 956 quod
784 878 941 937 molestum
968 878 1043 940 est“.
1093 879 1219 940 Guietus

99 977 247 1058 „cupide“
272 981 413 1054 tollebat;
435 979 547 1041 Ritsoh.
566 984 667 1040 etiam:
696 981 832 1056 „Uenire,
856 983 936 1060 qnod
959 987 993 1042 tu
1015 978 1124 1041 nolis“.
1157 983 1220 1042 Nos

102 1077 201 1143 Uenit
233 1085 403 1159 scripsimus
436 1085 614 1146 assentiente
648 1085 737 1143 etiam
766 1085 892 1144 Miillero
920 1085 964 1144 Pl.
988 1084 1072 1144 Pros.
1103 1106 1133 1163 p.
1160 1087 1219 1146 150

95 1192 161 1247 not.
195 1217 232 1226 -
263 1188 313 1246 71.
346 1203 430 1246 nunc
456 1183 520 1246 iam
546 1183 559 1244 i
586 1202 652 1246 rue.
714 1188 771 1259 Qui
803 1183 975 1262 „nunciam“
1012 1206 1128 1265 semper
1159 1193 1221 1244 tres

96 1289 231 1363 syllabas
253 1309 316 1348 esse
339 1290 530 1364 contendunt,
555 1289 655 1348 deleto
680 1287 727 1362 „i“
753 1289 901 1350 scribunt:
939 1293 1094 1364 ,nuncium
1116 1294 1221 1347 ruste

97 1389 236 1464 amoue“‚
259 1392 309 1450 sed
333 1392 392 1450 vid.
417 1394 455 1452 sd
478 1391 586 1470 Amph.
612 1395 661 1452 38.
686 1393 754 1452 add.
778 1395 846 1452 Aul.
870 1393 942 1451 443.
965 1423 1008 1433 -
1030 1394 1081 1451 72.
1110 1391 1220 1451 Versus

97 1515 188 1552 causa
217 1493 395 1552 Bitschelius
432 1491 568 1567 ,hercle“
603 1495 739 1569 sustulit;
771 1495 937 1555 Lorenrius
970 1491 1100 1568 „erres“,
1134 1513 1220 1570 quem
1326 1493 1330 1500 '

98 1603 221 1656 secutus
243 1616 323 1668 sum;
350 1617 404 1669 ,ne
427 1593 526 1655 erres“
552 1603 650 1658 exstet
673 1597 757 1676 Oapt.
776 1599 852 1675 prol.
874 1599 923 1658 14.
946 1598 1013 1657 Ter.
1036 1597 1130 1656 Andr.
1148 1599 1220 1655 704.

187 1701 237 1758 73.
268 1693 372 1772 Satin,
402 1719 430 1759 v.
456 1701 495 1760 ad
515 1702 623 1778 Amph.
648 1703 719 1761 627.
742 1731 784 1742 -
814 1704 864 1760 77.
898 1697 957 1761 buc
978 1699 1080 1772 codd,
1109 1699 1220 1758 Ritech.

102 1801 293 1874 „nunc“.,-
315 1805 365 1860 78.
392 1797 568 1864 Paucorum
586 1819 737 1877 meracum,
760 1805 873 1863 cibaria
889 1803 1108 1880 intelliguntur,
1132 1810 1222 1879 etque

99 1906 177 1965 adeo
198 1907 328 1982 pecunie
351 1907 411 1982 qua
432 1925 468 1964 ea
489 1911 589 1982 pareri
611 1912 751 1984 possunt,
774 1907 819 1966 hae
838 1912 937 1966 autern
954 1907 1089 1983 reliquie
1108 1909 1221 1980 exiguae

99 2013 172 2066 sunt
194 2010 238 2066 rei
261 2008 424 2066 familiaris.
470 2008 516 2066 De
539 2009 633 2067 forms
654 2025 797 2069 metatum
820 2012 855 2068 cf.
879 2009 1089 2069 Priscian.VlI
1107 2027 1136 2084 p.
1150 2009 1221 2078 771,

100 2113 153 2187 qui
182 2109 267 2169 Ovid.
297 2109 371 2169 Met.
400 2110 486 2182 VIII,
523 2113 583 2172 500
613 2115 694 2172 citat.
750 2113 846 2186 Neue,
877 2111 946 2172 Lat.
969 2111 1179 2172 Formenlehre
1208 2109 1223 2167 I

99 2233 130 2291 p.
157 2215 216 2272 267
241 2233 285 2289 sq.
341 2213 428 2284 Quod
455 2219 554 2272 autem
582 2215 690 2273 dicitnr
721 2217 796 2289 „nisi
825 2215 919 2288 redit,
952 2234 1048 2292 peuce
1076 2208 1222 2284 restant“,

99 2336 162 2374 non
190 2316 264 2387 „uisi
286 2313 378 2388 redit,
407 2316 583 2392 peribimus,
612 2335 681 2376 nem
702 2336 799 2393 pauca
820 2315 965 2390 restant“,
993 2317 1082 2393 vulgo
1109 2316 1151 2374 sic
1168 2296 1223 2371 'lo-

101 2419 232 2494 quimur,
255 2436 309 2476 nec
332 2423 377 2476 est
399 2418 480 2496 quod
502 2438 566 2478 curn
590 2419 753 2480 Bitschelio
776 2439 892 2504 versum
916 2421 1059 2478 excidisse
1077 2425 1223 2495 putemne.

102 2551 145 2560 -
170 2523 219 2581 80.
249 2519 321 2580 Post
343 2521 521 2596 eurupam
542 2522 641 2582 hiatus
663 2526 694 2581 in
717 2541 837 2582 casura.
882 2523 994 2582 Ritscb.
1019 2517 1099 2596 „ita“
1125 2519 1225 2592 addit;

102 2622 187 2682 Mill
205 2630 398 2701 „corruptum
420 2619 496 2682 iam“
519 2631 570 2684 aut
590 2625 678 2696 „olim
700 2622 853 2705 optumo“,
876 2625 1008 2702 Buggius
1034 2623 1223 2697 „adulescen-

102 2723 187 2785 tulo“
222 2726 334 2785 scribit.
357 2755 399 2768 -
427 2726 483 2785 Hic
506 2747 638 2804 quoquc,
672 2729 703 2787 in
732 2731 814 2788 exitu
842 2747 936 2786 scenae
958 2726 1137 2786 Ritschelius
1159 2727 1223 2783 sine

104 2829 167 2888 ulla
201 2831 375 2888 necessitate
408 2849 526 2888 versum
560 2831 702 2889 excidisse
735 2833 856 2904 statuit,
892 2837 922 2890 et
949 2831 980 2888 in
1009 2830 1071 2887 eius
1099 2829 1226 2902 gratiam

103 2953 133 2992 v.
159 2935 200 2991 79
223 2952 278 3011 pro
305 2930 442 3006 „eccum“
471 2933 537 3006 ,hic
560 2928 667 3009 quom“
692 2934 804 2992 scribit.

192 3246 241 3304 el.
265 3243 454 3305 Philolaches
477 3242 650 3302 adulescens
672 3245 748 3316 exit,
784 3261 882 3302 secum
910 3263 1036 3321 querens
1061 3243 1141 3320 quod
1164 3245 1227 3301 fru-

103 3348 230 3424 galitate
260 3349 340 3406 omni
363 3347 481 3404 abiecta
503 3345 621 3405 libidini
643 3351 674 3404 et
696 3347 837 3423 nequitiae
861 3367 891 3404 se
914 3345 1032 3404 dederit
1053 3345 1226 3422 cedibusque

104 3451 222 3509 ruinam
244 3449 426 3509 minantibus
443 3448 609 3522 simillimus
627 3452 674 3506 sit.
715 3449 868 3514 Canticum
885 3448 1079 3507 bellissimum
1095 3450 1227 3506 numeris

103 3557 230 3612 maxime
244 3554 362 3612 creticis
374 3553 573 3629 compositum
585 3557 637 3611 est.
672 3551 804 3610 Primum
815 3555 1027 3610 tetrametrum
1037 3551 1225 3610 bacchiaoum

103 3662 258 3731 integrum
279 3659 415 3734 sequitur
437 3657 644 3730 catalecticus,
677 3659 741 3712 tum
768 3673 823 3731 per
850 3658 995 3732 quattuor
1021 3671 1124 3712 versus
1154 3650 1226 3724 (duo

104 3764 307 3831 tetrametros,
329 3761 508 3831 trimetrum,
532 3750 754 3833 tetrametrum)
775 3743 839 3815 non'
858 3758 1088 3834 interrumpitur
1109 3755 1227 3817 bacchi·

107 3882 193 3922 orum
227 3862 326 3920 series.
397 3861 457 3920 Pro
498 3860 631 3919 clausula
670 3859 791 3918 additur
824 3852 893 3935 (87)
928 3860 1052 3918 dimeter
1084 3843 1227 3918 iambicsis

106 3965 306 4024 catalecticus.
1197 4001 1202 4008 -

193 4066 243 4127 81.
284 4061 482 4126 discordatus
504 4065 613 4138 Bergk.
635 4064 701 4124 Iud.
725 4064 817 4124 schol.
842 4065 909 4124 Hal.
936 4066 1100 4124 1862-63
1123 4085 1153 4141 p.
1172 4061 1228 4122 VH

105 4189 162 4250 pro
184 4169 343 4248 participio
365 4169 464 4241 hebet,
488 4169 569 4244 quod
591 4187 656 4226 cum
675 4166 774 4226 Plauti
797 4169 986 4246 simplicitate
1008 4170 1059 4226 rix
1081 4169 1226 4244 congruit.

94 4273 221 4344 ,mace
234 4287 306 4332 sum
322 4277 375 4331 cut
391 4276 461 4348 post
481 4266 643 4344 ,multum“
665 4275 719 4329 aut
735 4275 803 4349 post
818 4268 1036 4343 ,Recordatus“
1057 4269 1228 4330 addendum

356 4383 358 4388 ’
973 4385 1024 4438 20*
1086 4413 1087 4416 ,
