2970 5006
538 363 569 418 V.
588 366 730 420 628-665,
843 361 845 370 '
1134 371 1196 432 289

70 573 185 634 aeque,
208 577 328 631 mecum,
359 557 439 636 quod
457 558 576 618 additur
592 559 674 618 Asin.
697 561 766 632 330,
783 563 910 648 nonest
928 563 1136 619 necessarium.
1155 591 1196 602 —

73 665 148 722 648.
175 677 246 721 sum
273 661 341 722 odd.
365 659 465 720 Goetz.
488 691 531 701 —-
558 662 649 739 etque
671 677 744 722 exeo
767 667 836 720 cett.
861 661 962 735 codd.;
992 658 1067 722 inde
1094 662 1196 722 addidi
1286 665 1289 676 ‘

72 785 144 841 08⁰3
172 763 274 823 Gcetu.
288 783 353 822 cum
366 763 480 821 Brixis:
508 765 594 836 „dum
617 782 672 839 ego
695 783 729 822 so
746 761 867 836 intro“;
891 763 1009 824 Mulier.
1022 769 1100 824 iuter
1123 765 1195 823 elis:

74 859 200 939 „Quidl
234 885 287 944 ego
317 867 385 924 huic
415 868 562 943 quomodo
591 866 688 926 freter
720 866 815 924 lectus
848 885 911 924 sum
946 865 1015 926 (lum
1049 888 1083 926 eo
1117 869 1197 928 intro

72 976 167 1046 atque
198 965 309 1028 exeo?“
351 999 394 1054 ᾗ
427 970 498 1028 649,
531 961 621 1043 Quod
648 963 720 1028 boni
746 973 816 1028 cett.
845 965 931 1036 codd.
960 969 1102 1048 Epidicus
1131 990 1197 1028 eum

73 1073 162 1148 queri
187 1075 278 1146 vetet,
305 1070 386 1148 quod
410 1082 540 1130 sororem
564 1072 742 1148 reppererit.
788 1065 899 1130 uritur
923 1071 1034 1145 taceae,
1058 1069 1198 1132 Plautius

74 1174 266 1233 ellitteretio.
319 1172 487 1232 Gronovius
516 1173 648 1232 dubitate
687 1171 812 1244 „Utrum
843 1178 947 1232 teneas
974 1194 1011 1232 en
1045 1171 1195 1233 hebess?“
1251 1215 1254 1222 -
1378 1165 1381 1172 Δ

74 1277 127 1334 sed
152 1276 230 1335 nihil
252 1275 434 1334 mutandum.
458 1305 499 1315 -
529 1269 802 1348 650.'Perdidisti‚
832 1279 939 1352 inquit,
969 1296 1016 1333 me
1040 1283 1197 1349 eruentem,

74 1399 168 1455 quum
189 1397 239 1436 sne
262 1379 382 1436 tratrem
406 1379 574 1456 repperisti.
599 1405 640 1418 -
664 1377 735 1436 651.
763 1371 821 1438 illa
844 1378 912 1437 edd.
935 1351 1038 1438 Goeti.
1062 1407 1103 1420 -
1128 1381 1198 1440 652.

75 1475 222 1554 conculis,
247 1482 282 1540 cl.
301 1480 384 1558 Capt.
406 1481 475 1540 131.
494 1511 534 1520 -
558 1482 628 1539 653.
652 1475 762 1554 fateor,
785 1481 891 1541 ultime
912 1482 1011 1554 longe,
1034 1501 1062 1539 v.
1081 1481 1197 1559 Proleg.

75 1603 105 1660 p.
134 1561 218 1662 1⁰95„
262 1583 305 1642 De
332 1586 436 1658 quinto
464 1583 540 1662 pede
568 1582 640 1642 ibid.
674 1584 741 1642 184.
794 1582 913 1642 Miiller.
937 1583 1021 1643 Pros.
1045 1605 1073 1661 p.
1098 1585 1137 1642 46
1170 1587 1198 1657 ,,ἰ

76 1682 178 1745 intro“
215 1687 381 1763 proposuit.
396 1661 453 1726 ’-
485 1686 664 1758 Fatebatur,
699 1686 756 1744 sibi
791 1705 924 1745 sororem
957 1687 1052 1760 magis
1080 1686 1225 1762 placere·

77 1809 166 1865 quum
186 1787 346 1860 fidicinem,
371 1789 422 1846 sed
433 1787 575 1866 Epidicus
593 1809 659 1846 eum
676 1789 877 1866 interrumpit.
922 1803 1037 1865 aquam
1053 1783 1199 1864 calefieri,

76 1889 199 1948 levandi
223 1909 324 1964 ceusu,
355 1897 388 1949 ut
416 1893 554 1950 convenit
575 1909 702 1968 peregre
725 1890 903 1950 advenienti.
926 1921 969 1930 -
992 1893 1063 1950 654.
1091 1885 1200 1952 Uetera

76 1987 160 2065 haec,
185 1997 286 2050 cetere
308 2011 373 2068 quse
396 1994 453 2052 huc
469 1994 631 2070 pertinent.
676 1987 782 2066 ubis,
806 1996 915 2066 utinm
938 1993 1134 2053 Camerarius.
1157 2023 1200 2034 -

79 2097 150 2154 655.
182 2089 319 2172 Sequere
340 2111 398 2168 me,
421 2111 525 2171 soror,
557 2091 614 2155 huc
636 2097 672 2154 A.
729 2095 846 2154 Intrsnt
867 2095 1042 2173 Periphunis
1065 2097 1199 2170 domum

78 2198 225 2274 Epidicus
238 2219 273 2255 ex
289 2197 461 2257 Chaeribuli
474 2199 587 2258 cedibus
598 2199 808 2276 Thesprionem
828 2173 1003 2258 evocaturos
1016 2205 1069 2270 est,
1088 2219 1124 2258 ne
1142 2221 1200 2258 sm·

77 2301 158 2376 plius
177 2303 263 2378 qussi
282 2301 398 2359 exsules
421 2303 494 2360 ioris
517 2308 681 2360 versentur.
695 2331 736 2340 -
755 2303 826 2360 656.
849 2296 1018 2361 emicunt
1032 2301 1141 2361 Douse.
1159 2333 1201 2342 —

80 2404 152 2463 657.
178 2397 348 2480 suppocte
370 2405 384 2462 Ι
406 2410 436 2462 ec
458 2411 527 2464 eece.
750 2383 754 2390 ’

47 2523 50 2532 ¹
167 2508 238 2568 658.
278 2489 404 2565 hortus'
417 2503 592 2586 plerumqu'e
624 2513 693 2585 post
726 2485 803 2564 aerles
836 2511 915 2579 eret,
948 2511 983 2564 ut
1003 2527 1069 2586 ‚per
1097 2507 1201 2568 hortos

79 2610 170 2667 vicini
195 2629 361 2668 commeare
383 2611 552 2688 potuerint,
576 2610 612 2669 cl.
632 2609 696 2669 Mil.
717 2611 786 2669 342.
816 2608 992 2668 Merc.999.
1022 2609 1114 2668 Stich.
1128 2613 1199 2669 438.
1235 2621 1239 2630 '

79 2710 164 2771 Pers.
188 2713 260 2771 447.
304 2711 449 2788 Exempla
472 2712 651 2790 Pompeiane
679 2711 768 2789 plure
794 2716 964 2787 supersunt.
988 2741 1029 2752 -
1057 2711 1199 2790 Epidicus

79 2816 258 2892 armigerum
282 2813 346 2872 heri
369 2835 493 2879 croesus
516 2815 697 2876 iocabundus
715 2814 875 2872 militarem
892 2814 1039 2874 hominem
1057 2815 1199 2874 auxilium

79 2915 136 2972 sibi
159 2918 238 2975 forre
260 2917 353 2976 iubet.
408 2917 526 2976 Mulier.
554 2939 605 2992 „ec
628 2913 690 2976 ler“
722 2916 832 2990 voluit,
856 2915 949 2993 'quod
976 2916 1084 2996 placet.
1140 2917 1201 2976 Alii

79 3018 167 3094 plura
191 3020 374 3106 ementiendis
395 3025 554 3098 putarunt,
583 3020 736 3079 Acidelius
759 3039 788 3098 p.
816 3021 890 3079 les:
929 3017 1089 3096 „Thesprio
1097 3065 1106 3105 3
1137 3021 1198 3080 exi:

79 3121 153 3180 istac
183 3143 237 3202 per
264 3124 384 3182 hortum
412 3122 462 3180 sbi
490 3123 620 3182 domum.
644 3123 777 3182 eusculte
804 3121 892 3180 mihi:
923 3121 1032 3200 Magne
1054 3128 1100 3181 est
1121 3119 1198 3181 res“.

80 3221 154 3282 Eum
185 3227 215 3283 in
243 3225 394 3302 prioribus
416 3224 563 3285 Goetnius
586 3229 733 3304 sequitur,
768 3223 882 3285 deinde¹
902 3244 1000 3284 secum
1030 3226 1200 3302 loquentem

63 3325 150 3386 lacit
173 3347 304 3386 servum:
331 3329 461 3402 „auxilio
483 3329 718 3406 mihiMegnest
740 3322 818 3387 res“.
842 3357 883 3368 -
907 3329 977 3387 659.
1000 3323 1199 3406 sacio'Cem„

80 3443 169 3489 senes
192 3430 259 3490 edd.
291 3427 328 3470 '-
361 3433 432 3491 660.
465 3432 502 3490 ut
523 3425 714 3492 accurentur
742 3435 814 3503 cet,
848 3435 884 3488 ut
912 3428 987 3488 bene
1015 3433 1201 3508 accipientur

81 3527 296 3612 Stratippocles
319 3538 349 3591 et
370 3552 455 3593 soror
477 3534 597 3594 domum
620 3535 740 3592 reversi.
767 3563 811 3572 -
840 3533 910 3591 661.
945 3525 1079 3606 Eadem,
1110 3554 1137 3592 v.
1162 3533 1199 3591 sd

14 3687 15 3694 ,
82 3630 186 3695 Becch.
211 3637 261 3694 47.
306 3631 381 3696 haee
402 3643 470 3696 cett.
495 3641 525 3695 et
546 3637 613 3696 edd.
636 3666 679 3676 —
708 3638 778 3695 662.
812 3649 910 3710 neque
930 3681 937 3694 .
957 3679 964 3694 .
982 3630 1080 3708 haud,
1110 3655 1139 3694 r.
1162 3635 1200 3693 ed

82 3732 184 3797 Bacch.
212 3739 260 3797 15.
285 3767 321 3779 -
349 3741 419 3798 663.
443 3733 530 3800 Abeo
550 3739 565 3810 I
587 3744 618 3798 et
640 3739 707 3799 edd.
808 3811 815 3830 ι

526 3923 754 3932 ψ

166 4047 237 4108 664.
260 4047 326 4107 Duo
348 4067 433 4108 senes
456 4047 590 4122 redeunt,
613 4041 796 4125 Peripheu'es
818 4047 850 4106 id
866 4066 957 4106 unum
973 4047 1116 4122 cogitans,
1141 4063 1199 4122 quo

84 4149 166 4208 nodo
200 4149 357 4230 Epidicum
395 4151 571 4224 ulciscetur,
612 4139 778 4227 Apoecides
814 4151 920 4208 misere
953 4151 1074 4226 cupiens
1108 4149 1197 4208 ubire.

84 4237 198 4326 sacres,
220 4273 248 4314 v.
273 4253 320 4312 ae.
344 4255 451 4332 Amph.
477 4255 548 4313 cer.
592 4247 661 4312 situ
683 4239 769 4313 eoin.
794 4273 851 4312 em.
875 4284 914 4295 -
939 4253 998 4313 ecs
1022 4247 1197 4312 medium.

389 4361 396 4374 ⁴
437 4373 441 4380 '
905 4417 910 4428 ,
964 4369 995 4420 19
