3030 5050
231 301 270 363 56
742 297 833 352 runa
1111 298 1162 365 111,
1181 302 1205 365 a,
1222 299 1316 364 aa-r,
1342 299 1364 350 a

247 569 250 576 1
667 485 907 552 Pardalisca

231 595 279 662 Eo
303 617 389 662 nuno
410 598 484 676 iam,
508 598 570 662 uiei
593 598 761 680 quippiam
785 615 950 660 remorare
973 617 1032 660 me.

672 716 908 800 Lysidamus

1075 825 1138 889 abi
1161 829 1195 889 ot
1217 844 1307 890 aura

231 932 329 1000 Radit
347 953 458 999 acaum
478 933 610 999 tandem
628 940 789 1017 opsonatu
811 955 902 1000 meua
915 931 1062 1013 adiutor3
1084 953 1236 1018 pompam
1249 932 1361 999 ducit.

445 1246 633 1314 OLYMPIO
677 1245 844 1326 OOQUOS
890 1246 1133 1313 LYSIDAMUS

705 1419 882 1502 Olympio

231 1525 314 1592 Uide
337 1526 390 1592 fur
413 1534 450 1592 ut
473 1529 575 1594 sentio
599 1529 659 1594 eub
683 1529 783 1612 signio
806 1528 918 1593 duoas.

717 1647 868 1730 Copuoa

931 1757 993 1835 Qui
1015 1777 1094 1822 uero
1117 1764 1194 1822 suut
1217 1760 1360 1824 sentes?

706 1876 878 1956 Olympio

230 1985 322 2062 Quia,
346 1984 434 2068 quod
455 1985 609 2068 tetigere,
643 1986 719 2050 ilioo
747 1986 896 2066 rapiunt3
930 1985 957 2048 si
987 2006 1043 2049 eas
1078 1992 1240 2068 ereptum,
1275 1985 1360 2051 ilico

942 2092 1105 2157 scindunt.
1302 2111 1362 2164 685

229 2199 282 2267 Ita
304 2224 435 2287 quoquo
458 2203 648 2278 admonium,
671 2202 727 2266 ubi
749 2201 805 2266 ubi
824 2208 909 2278 suut,
927 2201 1049 2284 duplici
1065 2202 1185 2266 damno
1204 2202 1361 2268 dominos

943 2310 1093 2374 multant.

715 2430 742 2496 0
747 2451 764 2494 o
775 2453 822 2512 qu
829 2451 872 2493 oa

228 2514 299 2579 Eia.

702 2623 745 2687 01
750 2626 873 2705 ympio

357 2735 465 2811 Attae,
500 2753 591 2798 cosso
627 2732 796 2814 magnifiee
827 2736 1016 2816 patriaeque
1044 2735 1093 2798 ita
1121 2755 1176 2797 ero
1204 2754 1276 2797 meo
1307 2736 1359 2798 ire

943 2843 1130 2907 aduorsnm.

668 2961 909 3043 Lysidomua

229 3045 318 3112 Bone
342 3049 405 3128 uir,
430 3047 533 3112 salue.

700 3166 882 3250 Olympio

516 3275 637 3342 Fateor
660 3311 701 3320 -

667 3394 910 3478 Lysidamu-a·

659 3503 746 3581 Quid
768 3502 825 3567 fit?

700 3622 880 3705 Olympio

784 3731 833 3795 Tu
856 3751 966 3812 amaa;
990 3752 1049 3813 ego
1073 3732 1181 3796 esurio
1204 3738 1239 3795 et
1261 3731 1350 3796 sitio.

312 3939 363 3990 682
382 3953 568 3989 rememorare
641 3937 691 3990 683
709 3935 813 3990 Reddit
831 3934 889 3990 ΒΕ
961 3938 1132 3990 obsonatum
1151 3936 1209 3989 eiua
1280 3937 1353 3990 dicit

313 4020 453 4077 SERUUS
473 4021 594 4076 SENEX
613 4021 694 4076 0001
757 4025 808 4076 684
826 4027 936 4090 siguum
955 4020 1032 4077 REI
1095 4019 1168 4088 Quid
1187 4037 1254 4073 uero
1274 4029 1306 4074 ut
1326 4024 1352 4074 A

228 4109 278 4161 666
298 4108 416 4174 dampno
437 4109 559 4161 multant
577 4107 597 4162 I
663 4110 713 4161 687
733 4107 836 4160 Arar]
937 4108 1101 4177 patriaeque
1120 4109 1262 4173 amicaque

226 4193 267 4246 ita
284 4193 359 4246 enim
379 4209 445 4246 uero
464 4210 525 4246 meo
544 4211 576 4247 ao
594 4195 634 4247 ire
652 4193 679 4248 Β
