<?xml version="1.0" encoding="UTF-8"?>
<!DOCTYPE html PUBLIC "-//W3C//DTD XHTML 1.0 Transitional//EN"
    "http://www.w3.org/TR/xhtml1/DTD/xhtml1-transitional.dtd">
<html xmlns="http://www.w3.org/1999/xhtml" xml:lang="en" lang="en">
 <head>
  <title>
</title>
<meta http-equiv="Content-Type" content="text/html;charset=utf-8" />
  <meta name='ocr-system' content='tesseract 3.04.00' />
  <meta name='ocr-capabilities' content='ocr_page ocr_carea ocr_par ocr_line ocrx_word'/>
</head>
<body>
  <div class='ocr_page' id='page_1' title='image "./tmacciiplautico03ussigoog_0201.png"; bbox 0 0 2982 5012; ppageno 0'>
   <div class='ocr_carea' id='block_1_1' title="bbox 303 371 945 437">
    <p class='ocr_par' dir='ltr' id='par_1_1' title="bbox 303 371 945 437">
     <span class='ocr_line' id='line_1_1' title="bbox 303 371 945 437; baseline -0.02 0"><span class='ocrx_word' id='word_1_1' title='bbox 303 377 362 437; x_wconf 85' lang='grc'><strong>190</strong></span> <span class='ocrx_word' id='word_1_2' title='bbox 782 371 945 426; x_wconf 80' lang='lat' dir='ltr'><strong>Cistellaria</strong></span> 
     </span>
    </p>
   </div>
   <div class='ocr_carea' id='block_1_2' title="bbox 298 565 1403 850">
    <p class='ocr_par' dir='ltr' id='par_1_2' title="bbox 298 565 1403 850">
     <span class='ocr_line' id='line_1_2' title="bbox 299 565 1401 644; baseline 0 -20"><span class='ocrx_word' id='word_1_3' title='bbox 299 568 455 644; x_wconf 86' lang='lat' dir='ltr'><strong>peierssti,</strong></span> <span class='ocrx_word' id='word_1_4' title='bbox 490 573 521 624; x_wconf 87' lang='lat' dir='ltr'><strong>ot</strong></span> <span class='ocrx_word' id='word_1_5' title='bbox 549 569 576 625; x_wconf 84' lang='lat' dir='ltr'><strong>si</strong></span> <span class='ocrx_word' id='word_1_6' title='bbox 603 567 658 625; x_wconf 89' lang='lat' dir='ltr'><strong>tibi</strong></span> <span class='ocrx_word' id='word_1_7' title='bbox 688 565 815 638; x_wconf 76' lang='lat' dir='ltr'>dolebit,</span> <span class='ocrx_word' id='word_1_8' title='bbox 850 567 915 624; x_wconf 87' lang='lat' dir='ltr'><strong>iure</strong></span> <span class='ocrx_word' id='word_1_9' title='bbox 943 569 1074 640; x_wconf 87' lang='lat' dir='ltr'><strong>eveniet,</strong></span> <span class='ocrx_word' id='word_1_10' title='bbox 1109 569 1180 644; x_wconf 86' lang='lat' dir='ltr'><strong>quia</strong></span> <span class='ocrx_word' id='word_1_11' title='bbox 1201 567 1321 626; x_wconf 89' lang='lat' dir='ltr'><strong>deorum</strong></span> <span class='ocrx_word' id='word_1_12' title='bbox 1341 569 1401 625; x_wconf 81' lang='lat' dir='ltr'><strong>iram</strong></span> 
     </span>
     <span class='ocr_line' id='line_1_3' title="bbox 298 663 1402 746; baseline 0.002 -18"><span class='ocrx_word' id='word_1_13' title='bbox 298 671 434 746; x_wconf 86' lang='lat' dir='ltr'><strong>periurio</strong></span> <span class='ocrx_word' id='word_1_14' title='bbox 456 672 636 746; x_wconf 74' lang='lat' dir='ltr'><strong>provocasti.</strong></span> <span class='ocrx_word' id='word_1_15' title='bbox 686 663 799 742; x_wconf 69' lang='lat' dir='ltr'><strong>facitu,</strong></span> <span class='ocrx_word' id='word_1_16' title='bbox 830 669 867 727; x_wconf 88' lang='lat' dir='ltr'><strong>cl.</strong></span> <span class='ocrx_word' id='word_1_17' title='bbox 890 667 928 728; x_wconf 88' lang='lat' dir='ltr'><strong>ad</strong></span> <span class='ocrx_word' id='word_1_18' title='bbox 951 669 1019 728; x_wconf 87' lang='lat' dir='ltr'><strong>Aul.</strong></span> <span class='ocrx_word' id='word_1_19' title='bbox 1045 673 1115 730; x_wconf 77' lang='lat'><strong>160.</strong></span> <span class='ocrx_word' id='word_1_20' title='bbox 1140 700 1177 710; x_wconf 95' lang='lat'>-</span> <span class='ocrx_word' id='word_1_21' title='bbox 1210 673 1281 730; x_wconf 87' lang='grc'><strong>322.</strong></span> <span class='ocrx_word' id='word_1_22' title='bbox 1304 671 1402 730; x_wconf 79' lang='lat' dir='ltr'><strong>Oratio</strong></span> 
     </span>
     <span class='ocr_line' id='line_1_4' title="bbox 299 771 1403 850; baseline -0.005 -17"><span class='ocrx_word' id='word_1_23' title='bbox 299 794 365 833; x_wconf 87' lang='lat' dir='ltr'><strong>uem</strong></span> <span class='ocrx_word' id='word_1_24' title='bbox 390 774 587 832; x_wconf 83' lang='lat' dir='ltr'><strong>adolescentis</strong></span> <span class='ocrx_word' id='word_1_25' title='bbox 610 773 802 849; x_wconf 75' lang='lat' dir='ltr'><strong>interrumpit</strong></span> <span class='ocrx_word' id='word_1_26' title='bbox 824 773 907 844; x_wconf 87' lang='lat' dir='ltr'><strong>lena,</strong></span> <span class='ocrx_word' id='word_1_27' title='bbox 942 793 972 830; x_wconf 87' lang='lat' dir='ltr'><strong>se</strong></span> <span class='ocrx_word' id='word_1_28' title='bbox 1002 771 1078 830; x_wconf 89' lang='lat' dir='ltr'><strong>idem</strong></span> <span class='ocrx_word' id='word_1_29' title='bbox 1102 779 1208 850; x_wconf 88' lang='lat' dir='ltr'><strong>optare</strong></span> <span class='ocrx_word' id='word_1_30' title='bbox 1231 773 1342 846; x_wconf 86' lang='lat' dir='ltr'><strong>dicens,</strong></span> <span class='ocrx_word' id='word_1_31' title='bbox 1372 793 1403 830; x_wconf 83' lang='lat' dir='ltr'><strong>sc.</strong></span> 
     </span>
    </p>
   </div>
   <div class='ocr_carea' id='block_1_3' title="bbox 297 873 1407 1468">
    <p class='ocr_par' dir='ltr' id='par_1_3' title="bbox 297 873 1407 1468">
     <span class='ocr_line' id='line_1_5' title="bbox 298 873 1405 953; baseline -0.003 -19"><span class='ocrx_word' id='word_1_32' title='bbox 298 883 333 934; x_wconf 90' lang='lat' dir='ltr'><strong>ut</strong></span> <span class='ocrx_word' id='word_1_33' title='bbox 356 897 421 935; x_wconf 86' lang='lat' dir='ltr'><strong>cum</strong></span> <span class='ocrx_word' id='word_1_34' title='bbox 446 877 487 933; x_wconf 91' lang='lat' dir='ltr'><strong>dii</strong></span> <span class='ocrx_word' id='word_1_35' title='bbox 516 877 652 953; x_wconf 90' lang='lat' dir='ltr'><strong>perdant.</strong></span> <span class='ocrx_word' id='word_1_36' title='bbox 710 873 769 932; x_wconf 86' lang='lat' dir='ltr'><strong>Sed</strong></span> <span class='ocrx_word' id='word_1_37' title='bbox 797 875 1066 952; x_wconf 77' lang='lat' dir='ltr'><strong>interpellationem</strong></span> <span class='ocrx_word' id='word_1_38' title='bbox 1095 897 1153 935; x_wconf 92' lang='lat' dir='ltr'><strong>non</strong></span> <span class='ocrx_word' id='word_1_39' title='bbox 1182 897 1289 935; x_wconf 88' lang='lat' dir='ltr'><strong>curans</strong></span> <span class='ocrx_word' id='word_1_40' title='bbox 1309 877 1405 934; x_wconf 81' lang='lat' dir='ltr'><strong>Alcesi-</strong></span> 
     </span>
     <span class='ocr_line' id='line_1_6' title="bbox 297 977 1404 1055; baseline -0.005 -16"><span class='ocrx_word' id='word_1_41' title='bbox 297 983 435 1039; x_wconf 87' lang='lat' dir='ltr'><strong>marchus</strong></span> <span class='ocrx_word' id='word_1_42' title='bbox 458 980 622 1037; x_wconf 81' lang='lat' dir='ltr'><strong>orationem</strong></span> <span class='ocrx_word' id='word_1_43' title='bbox 646 999 729 1036; x_wconf 86' lang='lat' dir='ltr'><strong>suam</strong></span> <span class='ocrx_word' id='word_1_44' title='bbox 753 977 896 1048; x_wconf 83' lang='lat' dir='ltr'><strong>absolvit,</strong></span> <span class='ocrx_word' id='word_1_45' title='bbox 922 997 950 1036; x_wconf 84' lang='lat' dir='ltr'><strong>v.</strong></span> <span class='ocrx_word' id='word_1_46' title='bbox 974 979 1012 1036; x_wconf 89' lang='lat' dir='ltr'><strong>ad</strong></span> <span class='ocrx_word' id='word_1_47' title='bbox 1034 979 1142 1055; x_wconf 82' lang='lat' dir='ltr'>Amph.</span> <span class='ocrx_word' id='word_1_48' title='bbox 1170 981 1260 1038; x_wconf 85' lang='lat'><strong>1136.</strong></span> <span class='ocrx_word' id='word_1_49' title='bbox 1287 1009 1319 1018; x_wconf 88' lang='lat'>—</span> <span class='ocrx_word' id='word_1_50' title='bbox 1345 979 1404 1036; x_wconf 87' lang='grc'><strong>323.</strong></span> 
     </span>
     <span class='ocr_line' id='line_1_7' title="bbox 297 1075 1405 1160; baseline -0.008 -17"><span class='ocrx_word' id='word_1_51' title='bbox 297 1099 446 1160; x_wconf 78' lang='lat' dir='ltr'><strong>umquam</strong></span> <span class='ocrx_word' id='word_1_52' title='bbox 467 1075 547 1142; x_wconf 78' lang='lat' dir='ltr'><strong>mihi</strong></span> <span class='ocrx_word' id='word_1_53' title='bbox 568 1083 604 1140; x_wconf 90' lang='lat' dir='ltr'><strong>A.</strong></span> <span class='ocrx_word' id='word_1_54' title='bbox 639 1111 681 1120; x_wconf 90' lang='lat'>—</span> <span class='ocrx_word' id='word_1_55' title='bbox 715 1081 786 1140; x_wconf 88' lang='grc'><strong>324,</strong></span> <span class='ocrx_word' id='word_1_56' title='bbox 821 1079 892 1139; x_wconf 90' lang='lat' dir='ltr'><strong>Post</strong></span> <span class='ocrx_word' id='word_1_57' title='bbox 917 1075 974 1140; x_wconf 76' lang='lat' dir='ltr'><strong>tibi</strong></span> <span class='ocrx_word' id='word_1_58' title='bbox 996 1081 1112 1155; x_wconf 78' lang='lat' dir='ltr'><strong>histus3</strong></span> <span class='ocrx_word' id='word_1_59' title='bbox 1145 1081 1281 1140; x_wconf 81' lang='lat' dir='ltr'>Mueller.</span> <span class='ocrx_word' id='word_1_60' title='bbox 1303 1086 1405 1157; x_wconf 89' lang='lat' dir='ltr'><strong>transp.</strong></span> 
     </span>
     <span class='ocr_line' id='line_1_8' title="bbox 300 1177 1407 1262; baseline -0.005 -17"><span class='ocrx_word' id='word_1_61' title='bbox 300 1189 376 1258; x_wconf 81' lang='lat' dir='ltr'><strong>,tibi</strong></span> <span class='ocrx_word' id='word_1_62' title='bbox 399 1182 569 1262; x_wconf 84' lang='lat' dir='ltr'><strong>umquam“.</strong></span> <span class='ocrx_word' id='word_1_63' title='bbox 587 1213 630 1228; x_wconf 91' lang='lat'><strong>·-</strong></span> <span class='ocrx_word' id='word_1_64' title='bbox 649 1187 718 1244; x_wconf 83' lang='grc'><strong>325.</strong></span> <span class='ocrx_word' id='word_1_65' title='bbox 743 1177 887 1244; x_wconf 75' lang='lat' dir='ltr'><strong>Patierin</strong></span> <span class='ocrx_word' id='word_1_66' title='bbox 909 1199 957 1241; x_wconf 84' lang='lat' dir='ltr'><strong>me</strong></span> <span class='ocrx_word' id='word_1_67' title='bbox 977 1178 1162 1261; x_wconf 64' lang='lat' dir='ltr'><strong>peiorare?</strong></span> <span class='ocrx_word' id='word_1_68' title='bbox 1184 1188 1220 1242; x_wconf 85' lang='lat' dir='ltr'><strong>A.</strong></span> <span class='ocrx_word' id='word_1_69' title='bbox 1265 1185 1407 1243; x_wconf 75' lang='lat' dir='ltr'><strong>luraveret</strong></span> 
     </span>
     <span class='ocr_line' id='line_1_9' title="bbox 299 1285 1406 1364; baseline -0.007 -16"><span class='ocrx_word' id='word_1_70' title='bbox 299 1293 378 1348; x_wconf 86' lang='lat' dir='ltr'><strong>enim</strong></span> <span class='ocrx_word' id='word_1_71' title='bbox 407 1311 438 1347; x_wconf 89' lang='lat' dir='ltr'><strong>se</strong></span> <span class='ocrx_word' id='word_1_72' title='bbox 462 1289 610 1348; x_wconf 87' lang='lat' dir='ltr'><strong>Selenium</strong></span> <span class='ocrx_word' id='word_1_73' title='bbox 640 1307 763 1347; x_wconf 85' lang='lat' dir='ltr'><strong>uxorem</strong></span> <span class='ocrx_word' id='word_1_74' title='bbox 787 1289 956 1346; x_wconf 88' lang='lat' dir='ltr'><strong>ducturum.</strong></span> <span class='ocrx_word' id='word_1_75' title='bbox 990 1319 1031 1328; x_wconf 93' lang='lat'>—</span> <span class='ocrx_word' id='word_1_76' title='bbox 1065 1285 1184 1364; x_wconf 78' lang='lat' dir='ltr'><strong>Atque,</strong></span> <span class='ocrx_word' id='word_1_77' title='bbox 1218 1309 1246 1346; x_wconf 84' lang='lat' dir='ltr'><strong>v.</strong></span> <span class='ocrx_word' id='word_1_78' title='bbox 1270 1289 1307 1346; x_wconf 90' lang='lat' dir='ltr'><strong>ad</strong></span> <span class='ocrx_word' id='word_1_79' title='bbox 1328 1286 1406 1363; x_wconf 86' lang='lat' dir='ltr'><strong>Epid.</strong></span> 
     </span>
     <span class='ocr_line' id='line_1_10' title="bbox 299 1384 1406 1468; baseline -0.006 -18"><span class='ocrx_word' id='word_1_80' title='bbox 299 1395 369 1451; x_wconf 86' lang='grc'><strong>380.</strong></span> <span class='ocrx_word' id='word_1_81' title='bbox 401 1423 442 1432; x_wconf 89' lang='lat'><strong>-—</strong></span> <span class='ocrx_word' id='word_1_82' title='bbox 472 1395 541 1450; x_wconf 89' lang='grc'><strong>327.</strong></span> <span class='ocrx_word' id='word_1_83' title='bbox 575 1384 665 1449; x_wconf 76' lang='lat' dir='ltr'><strong>Alibi</strong></span> <span class='ocrx_word' id='word_1_84' title='bbox 686 1405 799 1468; x_wconf 74' lang='lat' dir='ltr'><strong>quaere</strong></span> <span class='ocrx_word' id='word_1_85' title='bbox 821 1393 861 1462; x_wconf 92' lang='lat' dir='ltr'><strong>A,</strong></span> <span class='ocrx_word' id='word_1_86' title='bbox 895 1413 922 1448; x_wconf 80' lang='lat' dir='ltr'><strong>r.</strong></span> <span class='ocrx_word' id='word_1_87' title='bbox 946 1391 1079 1450; x_wconf 84' lang='lat' dir='ltr'><strong>Studem.</strong></span> <span class='ocrx_word' id='word_1_88' title='bbox 1103 1391 1168 1448; x_wconf 92' lang='lat' dir='ltr'><strong>lnd.</strong></span> <span class='ocrx_word' id='word_1_89' title='bbox 1192 1390 1283 1450; x_wconf 90' lang='lat' dir='ltr'><strong>schol.</strong></span> <span class='ocrx_word' id='word_1_90' title='bbox 1305 1389 1406 1466; x_wconf 73' lang='lat' dir='ltr'><strong>Grypb.</strong></span> 
     </span>
    </p>
   </div>
   <div class='ocr_carea' id='block_1_4' title="bbox 295 1489 1409 3531">
    <p class='ocr_par' dir='ltr' id='par_1_4' title="bbox 295 1489 1409 3531">
     <span class='ocr_line' id='line_1_11' title="bbox 301 1489 1406 1573; baseline -0.006 -20"><span class='ocrx_word' id='word_1_91' title='bbox 301 1497 466 1554; x_wconf 80' lang='grc'><strong>1871-72</strong></span> <span class='ocrx_word' id='word_1_92' title='bbox 491 1519 519 1573; x_wconf 91' lang='lat' dir='ltr'><strong>p.</strong></span> <span class='ocrx_word' id='word_1_93' title='bbox 547 1497 595 1554; x_wconf 91' lang='lat' dir='ltr'><strong>ll.</strong></span> <span class='ocrx_word' id='word_1_94' title='bbox 628 1525 670 1534; x_wconf 88' lang='lat'>-</span> <span class='ocrx_word' id='word_1_95' title='bbox 704 1495 756 1552; x_wconf 73' lang='grc'><strong>720</strong></span> <span class='ocrx_word' id='word_1_96' title='bbox 789 1489 923 1552; x_wconf 76' lang='lat' dir='ltr'><strong>iurando</strong></span> <span class='ocrx_word' id='word_1_97' title='bbox 956 1489 1022 1554; x_wconf 77' lang='lat' dir='ltr'><strong>iuri</strong></span> <span class='ocrx_word' id='word_1_98' title='bbox 1054 1495 1110 1566; x_wconf 80' lang='lat' dir='ltr'><strong>id,</strong></span> <span class='ocrx_word' id='word_1_99' title='bbox 1145 1495 1182 1552; x_wconf 89' lang='lat' dir='ltr'><strong>cl.</strong></span> <span class='ocrx_word' id='word_1_100' title='bbox 1211 1492 1317 1552; x_wconf 82' lang='lat' dir='ltr'><strong>Pseud.</strong></span> <span class='ocrx_word' id='word_1_101' title='bbox 1344 1495 1406 1549; x_wconf 63' lang='lat'><strong>195:</strong></span> 
     </span>
     <span class='ocr_line' id='line_1_12' title="bbox 300 1593 1405 1675; baseline -0.007 -19"><span class='ocrx_word' id='word_1_102' title='bbox 300 1603 370 1675; x_wconf 82' lang='lat' dir='ltr'><strong>„qui</strong></span> <span class='ocrx_word' id='word_1_103' title='bbox 393 1601 463 1656; x_wconf 88' lang='lat' dir='ltr'><strong>item</strong></span> <span class='ocrx_word' id='word_1_104' title='bbox 485 1605 519 1656; x_wconf 92' lang='lat' dir='ltr'><strong>ut</strong></span> <span class='ocrx_word' id='word_1_105' title='bbox 542 1617 594 1656; x_wconf 90' lang='lat' dir='ltr'><strong>nos</strong></span> <span class='ocrx_word' id='word_1_106' title='bbox 614 1599 740 1656; x_wconf 83' lang='lat' dir='ltr'><strong>iurando</strong></span> <span class='ocrx_word' id='word_1_107' title='bbox 761 1600 825 1656; x_wconf 88' lang='lat' dir='ltr'><strong>iure</strong></span> <span class='ocrx_word' id='word_1_108' title='bbox 850 1599 929 1656; x_wconf 86' lang='lat' dir='ltr'><strong>malo</strong></span> <span class='ocrx_word' id='word_1_109' title='bbox 951 1599 1026 1657; x_wconf 88' lang='lat' dir='ltr'><strong>male</strong></span> <span class='ocrx_word' id='word_1_110' title='bbox 1051 1602 1202 1674; x_wconf 86' lang='lat' dir='ltr'><strong>quaerunt</strong></span> <span class='ocrx_word' id='word_1_111' title='bbox 1224 1593 1314 1656; x_wconf 84' lang='lat' dir='ltr'><strong>rem“.</strong></span> <span class='ocrx_word' id='word_1_112' title='bbox 1358 1593 1405 1652; x_wconf 87' lang='lat' dir='ltr'><strong>Sic.</strong></span> 
     </span>
     <span class='ocr_line' id='line_1_13' title="bbox 297 1697 1406 1784; baseline -0.005 -24"><span class='ocrx_word' id='word_1_113' title='bbox 297 1723 326 1779; x_wconf 90' lang='lat' dir='ltr'><strong>p.</strong></span> <span class='ocrx_word' id='word_1_114' title='bbox 356 1702 436 1760; x_wconf 84' lang='lat' dir='ltr'><strong>Coel.</strong></span> <span class='ocrx_word' id='word_1_115' title='bbox 468 1703 523 1771; x_wconf 84' lang='grc'><strong>22,</strong></span> <span class='ocrx_word' id='word_1_116' title='bbox 554 1703 609 1759; x_wconf 81' lang='lat'><strong>54:</strong></span> <span class='ocrx_word' id='word_1_117' title='bbox 651 1703 803 1784; x_wconf 71' lang='lat' dir='ltr'><strong>„iurisque</strong></span> <span class='ocrx_word' id='word_1_118' title='bbox 836 1697 985 1760; x_wconf 81' lang='lat' dir='ltr'><strong>iurandi“.</strong></span> <span class='ocrx_word' id='word_1_119' title='bbox 1047 1701 1148 1759; x_wconf 85' lang='lat' dir='ltr'><strong>luven.</strong></span> <span class='ocrx_word' id='word_1_120' title='bbox 1176 1703 1229 1773; x_wconf 88' lang='grc'><strong>13,</strong></span> <span class='ocrx_word' id='word_1_121' title='bbox 1271 1702 1327 1758; x_wconf 87' lang='grc'><strong>201</strong></span> <span class='ocrx_word' id='word_1_122' title='bbox 1356 1719 1406 1772; x_wconf 83' lang='lat' dir='ltr'><strong>sq:</strong></span> 
     </span>
     <span class='ocr_line' id='line_1_14' title="bbox 299 1799 1407 1880; baseline -0.007 -18"><span class='ocrx_word' id='word_1_123' title='bbox 299 1807 453 1878; x_wconf 80' lang='lat' dir='ltr'><strong>„fraudem</strong></span> <span class='ocrx_word' id='word_1_124' title='bbox 480 1809 545 1864; x_wconf 87' lang='lat' dir='ltr'><strong>iure</strong></span> <span class='ocrx_word' id='word_1_125' title='bbox 573 1806 650 1861; x_wconf 88' lang='lat' dir='ltr'><strong>tueri</strong></span> <span class='ocrx_word' id='word_1_126' title='bbox 679 1799 835 1862; x_wconf 82' lang='lat' dir='ltr'><strong>iurando“.</strong></span> <span class='ocrx_word' id='word_1_127' title='bbox 891 1805 958 1861; x_wconf 89' lang='lat' dir='ltr'><strong>Alia</strong></span> <span class='ocrx_word' id='word_1_128' title='bbox 986 1823 1104 1880; x_wconf 88' lang='lat' dir='ltr'><strong>quoque</strong></span> <span class='ocrx_word' id='word_1_129' title='bbox 1132 1804 1244 1861; x_wconf 83' lang='lat' dir='ltr'><strong>tentari</strong></span> <span class='ocrx_word' id='word_1_130' title='bbox 1266 1821 1350 1878; x_wconf 85' lang='lat' dir='ltr'><strong>posse</strong></span> <span class='ocrx_word' id='word_1_131' title='bbox 1372 1802 1407 1856; x_wconf 87' lang='lat' dir='ltr'><strong>ait</strong></span> 
     </span>
     <span class='ocr_line' id='line_1_15' title="bbox 297 1896 1409 1980; baseline -0.006 -14"><span class='ocrx_word' id='word_1_132' title='bbox 297 1909 443 1978; x_wconf 75' lang='lat' dir='ltr'><strong>stadem,</strong></span> <span class='ocrx_word' id='word_1_133' title='bbox 473 1909 557 1965; x_wconf 87' lang='lat' dir='ltr'><strong>velut</strong></span> <span class='ocrx_word' id='word_1_134' title='bbox 587 1907 657 1980; x_wconf 87' lang='lat' dir='ltr'><strong>,ubi</strong></span> <span class='ocrx_word' id='word_1_135' title='bbox 687 1910 750 1966; x_wconf 87' lang='lat' dir='ltr'><strong>iure</strong></span> <span class='ocrx_word' id='word_1_136' title='bbox 778 1907 904 1965; x_wconf 79' lang='lat' dir='ltr'><strong>iurando</strong></span> <span class='ocrx_word' id='word_1_137' title='bbox 934 1904 1016 1964; x_wconf 85' lang='lat' dir='ltr'><strong>isti“.</strong></span> <span class='ocrx_word' id='word_1_138' title='bbox 1052 1937 1092 1946; x_wconf 89' lang='lat'><em>-</em></span> <span class='ocrx_word' id='word_1_139' title='bbox 1129 1907 1200 1965; x_wconf 86' lang='grc'><strong>328.</strong></span> <span class='ocrx_word' id='word_1_140' title='bbox 1238 1896 1409 1978; x_wconf 69' lang='lat' dir='ltr'><strong>confreyistl</strong></span> 
     </span>
     <span class='ocr_line' id='line_1_16' title="bbox 298 2008 1408 2086; baseline -0.006 -17"><span class='ocrx_word' id='word_1_141' title='bbox 298 2008 452 2069; x_wconf 77' lang='lat' dir='ltr'><strong>tesseram.</strong></span> <span class='ocrx_word' id='word_1_142' title='bbox 509 2011 651 2068; x_wconf 78' lang='lat' dir='ltr'><strong>Amicitia</strong></span> <span class='ocrx_word' id='word_1_143' title='bbox 678 2014 709 2066; x_wconf 90' lang='lat' dir='ltr'><strong>et</strong></span> <span class='ocrx_word' id='word_1_144' title='bbox 735 2009 907 2086; x_wconf 78' lang='lat' dir='ltr'><strong>hospitium,</strong></span> <span class='ocrx_word' id='word_1_145' title='bbox 936 2011 1016 2086; x_wconf 91' lang='lat' dir='ltr'><strong>quod</strong></span> <span class='ocrx_word' id='word_1_146' title='bbox 1044 2015 1133 2067; x_wconf 84' lang='lat' dir='ltr'><strong>antea</strong></span> <span class='ocrx_word' id='word_1_147' title='bbox 1162 2011 1242 2067; x_wconf 90' lang='lat' dir='ltr'><strong>inter</strong></span> <span class='ocrx_word' id='word_1_148' title='bbox 1271 2029 1324 2067; x_wconf 90' lang='lat' dir='ltr'><strong>nos</strong></span> <span class='ocrx_word' id='word_1_149' title='bbox 1350 2009 1408 2073; x_wconf 86' lang='lat' dir='ltr'><strong>luit,</strong></span> 
     </span>
     <span class='ocr_line' id='line_1_17' title="bbox 296 2111 1405 2190; baseline -0.007 -18"><span class='ocrx_word' id='word_1_150' title='bbox 296 2117 472 2172; x_wconf 85' lang='lat' dir='ltr'><strong>exstinctum</strong></span> <span class='ocrx_word' id='word_1_151' title='bbox 506 2119 567 2185; x_wconf 89' lang='lat' dir='ltr'><strong>est;</strong></span> <span class='ocrx_word' id='word_1_152' title='bbox 610 2113 706 2171; x_wconf 79' lang='lat' dir='ltr'><strong>fracta</strong></span> <span class='ocrx_word' id='word_1_153' title='bbox 745 2119 792 2170; x_wconf 90' lang='lat' dir='ltr'><strong>est</strong></span> <span class='ocrx_word' id='word_1_154' title='bbox 830 2115 987 2190; x_wconf 86' lang='lat' dir='ltr'><strong>hospitalis</strong></span> <span class='ocrx_word' id='word_1_155' title='bbox 1027 2120 1154 2184; x_wconf 76' lang='lat' dir='ltr'><strong>tessera,</strong></span> <span class='ocrx_word' id='word_1_156' title='bbox 1195 2133 1222 2170; x_wconf 83' lang='lat' dir='ltr'><strong>v.</strong></span> <span class='ocrx_word' id='word_1_157' title='bbox 1257 2113 1293 2170; x_wconf 89' lang='lat' dir='ltr'><strong>ad</strong></span> <span class='ocrx_word' id='word_1_158' title='bbox 1327 2111 1405 2168; x_wconf 86' lang='lat' dir='ltr'><strong>Poen.</strong></span> 
     </span>
     <span class='ocr_line' id='line_1_18' title="bbox 296 2210 1407 2290; baseline -0.005 -15"><span class='ocrx_word' id='word_1_159' title='bbox 296 2219 367 2277; x_wconf 82' lang='lat'><strong>956.</strong></span> <span class='ocrx_word' id='word_1_160' title='bbox 403 2247 443 2257; x_wconf 92' lang='lat'><strong>-·</strong></span> <span class='ocrx_word' id='word_1_161' title='bbox 478 2217 548 2274; x_wconf 86' lang='grc'><strong>329.</strong></span> <span class='ocrx_word' id='word_1_162' title='bbox 586 2210 667 2274; x_wconf 81' lang='lat' dir='ltr'><strong>Face</strong></span> <span class='ocrx_word' id='word_1_163' title='bbox 692 2210 862 2290; x_wconf 69' lang='lat' dir='ltr'><strong>periclem,</strong></span> <span class='ocrx_word' id='word_1_164' title='bbox 903 2223 1004 2274; x_wconf 88' lang='lat' dir='ltr'><strong>utrum</strong></span> <span class='ocrx_word' id='word_1_165' title='bbox 1036 2216 1124 2274; x_wconf 87' lang='lat' dir='ltr'><strong>iidem</strong></span> <span class='ocrx_word' id='word_1_166' title='bbox 1158 2222 1330 2273; x_wconf 85' lang='lat' dir='ltr'><strong>servaturus</strong></span> <span class='ocrx_word' id='word_1_167' title='bbox 1361 2215 1407 2270; x_wconf 89' lang='lat' dir='ltr'><strong>sim</strong></span> 
     </span>
     <span class='ocr_line' id='line_1_19' title="bbox 296 2312 1407 2394; baseline -0.006 -16"><span class='ocrx_word' id='word_1_168' title='bbox 296 2341 334 2378; x_wconf 87' lang='lat' dir='ltr'><strong>au</strong></span> <span class='ocrx_word' id='word_1_169' title='bbox 364 2340 432 2379; x_wconf 93' lang='lat' dir='ltr'><strong>non.</strong></span> <span class='ocrx_word' id='word_1_170' title='bbox 461 2350 501 2360; x_wconf 87' lang='lat'>-</span> <span class='ocrx_word' id='word_1_171' title='bbox 534 2322 605 2378; x_wconf 90' lang='grc'><strong>330.</strong></span> <span class='ocrx_word' id='word_1_172' title='bbox 641 2312 731 2376; x_wconf 79' lang='lat' dir='ltr'><strong>Inter</strong></span> <span class='ocrx_word' id='word_1_173' title='bbox 763 2335 878 2378; x_wconf 80' lang='lat' dir='ltr'><strong>nouam</strong></span> <span class='ocrx_word' id='word_1_174' title='bbox 911 2335 990 2391; x_wconf 74' lang='lat' dir='ltr'><strong>rem,</strong></span> <span class='ocrx_word' id='word_1_175' title='bbox 1025 2321 1055 2376; x_wconf 94' lang='lat' dir='ltr'><strong>in</strong></span> <span class='ocrx_word' id='word_1_176' title='bbox 1089 2339 1166 2378; x_wconf 83' lang='lat' dir='ltr'><strong>nova</strong></span> <span class='ocrx_word' id='word_1_177' title='bbox 1194 2339 1242 2394; x_wconf 91' lang='lat' dir='ltr'><strong>re,</strong></span> <span class='ocrx_word' id='word_1_178' title='bbox 1276 2319 1310 2375; x_wconf 85' lang='lat' dir='ltr'><strong>ci.</strong></span> <span class='ocrx_word' id='word_1_179' title='bbox 1341 2317 1407 2375; x_wconf 84' lang='lat' dir='ltr'><strong>inira</strong></span> 
     </span>
     <span class='ocr_line' id='line_1_20' title="bbox 298 2419 1405 2498; baseline -0.007 -17"><span class='ocrx_word' id='word_1_180' title='bbox 298 2426 368 2482; x_wconf 88' lang='lat'>553.</span> <span class='ocrx_word' id='word_1_181' title='bbox 402 2423 494 2481; x_wconf 90' lang='lat' dir='ltr'><strong>Stich.</strong></span> <span class='ocrx_word' id='word_1_182' title='bbox 521 2425 596 2481; x_wconf 82' lang='lat'>678:</span> <span class='ocrx_word' id='word_1_183' title='bbox 630 2425 726 2496; x_wconf 84' lang='lat' dir='ltr'><strong>„inter</strong></span> <span class='ocrx_word' id='word_1_184' title='bbox 748 2422 822 2480; x_wconf 90' lang='lat' dir='ltr'><strong>illud</strong></span> <span class='ocrx_word' id='word_1_185' title='bbox 847 2419 1028 2496; x_wconf 81' lang='lat' dir='ltr'><strong>negotium“.</strong></span> <span class='ocrx_word' id='word_1_186' title='bbox 1064 2421 1123 2480; x_wconf 87' lang='lat' dir='ltr'><strong>Cic.</strong></span> <span class='ocrx_word' id='word_1_187' title='bbox 1148 2443 1176 2498; x_wconf 94' lang='lat' dir='ltr'><strong>p.</strong></span> <span class='ocrx_word' id='word_1_188' title='bbox 1201 2421 1303 2482; x_wconf 80' lang='lat' dir='ltr'><strong>Milon.</strong></span> <span class='ocrx_word' id='word_1_189' title='bbox 1330 2421 1405 2492; x_wconf 82' lang='grc'><strong>1,2;</strong></span> 
     </span>
     <span class='ocr_line' id='line_1_21' title="bbox 299 2521 1406 2597; baseline -0.005 -14"><span class='ocrx_word' id='word_1_190' title='bbox 299 2527 397 2597; x_wconf 83' lang='lat' dir='ltr'><strong>„inter</strong></span> <span class='ocrx_word' id='word_1_191' title='bbox 418 2531 532 2583; x_wconf 84' lang='lat' dir='ltr'><strong>tantam</strong></span> <span class='ocrx_word' id='word_1_192' title='bbox 555 2528 614 2583; x_wconf 87' lang='lat' dir='ltr'><strong>vim</strong></span> <span class='ocrx_word' id='word_1_193' title='bbox 637 2524 816 2584; x_wconf 84' lang='lat' dir='ltr'><strong>armorum“.</strong></span> <span class='ocrx_word' id='word_1_194' title='bbox 841 2555 881 2565; x_wconf 89' lang='lat'><strong>—-</strong></span> <span class='ocrx_word' id='word_1_195' title='bbox 910 2521 1040 2583; x_wconf 70' lang='lat' dir='ltr'><strong>ueritum</strong></span> <span class='ocrx_word' id='word_1_196' title='bbox 1061 2522 1168 2596; x_wconf 70' lang='lat' dir='ltr'><strong>cetu,</strong></span> <span class='ocrx_word' id='word_1_197' title='bbox 1191 2526 1229 2582; x_wconf 85' lang='lat' dir='ltr'><strong>cf.</strong></span> <span class='ocrx_word' id='word_1_198' title='bbox 1243 2525 1331 2581; x_wconf 79' lang='lat' dir='ltr'><strong>llere.</strong></span> <span class='ocrx_word' id='word_1_199' title='bbox 1346 2524 1406 2580; x_wconf 80' lang='lat'><strong>760.</strong></span> 
     </span>
     <span class='ocr_line' id='line_1_22' title="bbox 296 2623 1406 2696; baseline -0.005 -11"><span class='ocrx_word' id='word_1_200' title='bbox 296 2629 379 2686; x_wconf 83' lang='lat' dir='ltr'><strong>Asin.</strong></span> <span class='ocrx_word' id='word_1_201' title='bbox 405 2631 474 2686; x_wconf 87' lang='grc'><strong>202.</strong></span> <span class='ocrx_word' id='word_1_202' title='bbox 499 2659 540 2670; x_wconf 95' lang='grc'><strong>-</strong></span> <span class='ocrx_word' id='word_1_203' title='bbox 564 2631 634 2688; x_wconf 90' lang='grc'><strong>331.</strong></span> <span class='ocrx_word' id='word_1_204' title='bbox 663 2623 829 2696; x_wconf 76' lang='lat' dir='ltr'><strong>relicuum,</strong></span> <span class='ocrx_word' id='word_1_205' title='bbox 854 2629 889 2688; x_wconf 85' lang='lat' dir='ltr'><strong>cf.</strong></span> <span class='ocrx_word' id='word_1_206' title='bbox 917 2631 984 2686; x_wconf 86' lang='grc'><strong>186.</strong></span> <span class='ocrx_word' id='word_1_207' title='bbox 1016 2657 1054 2667; x_wconf 94' lang='grc'>-</span> <span class='ocrx_word' id='word_1_208' title='bbox 1085 2630 1156 2688; x_wconf 77' lang='grc'><strong>334.</strong></span> <span class='ocrx_word' id='word_1_209' title='bbox 1185 2624 1406 2685; x_wconf 87' lang='lat' dir='ltr'><strong>Commentando</strong></span> 
     </span>
     <span class='ocr_line' id='line_1_23' title="bbox 295 2731 1405 2808; baseline -0.005 -20"><span class='ocrx_word' id='word_1_210' title='bbox 295 2735 357 2789; x_wconf 82' lang='lat' dir='ltr'><strong>aive</strong></span> <span class='ocrx_word' id='word_1_211' title='bbox 380 2732 551 2790; x_wconf 84' lang='lat' dir='ltr'><strong>meditando</strong></span> <span class='ocrx_word' id='word_1_212' title='bbox 579 2752 611 2789; x_wconf 90' lang='lat' dir='ltr'><strong>se</strong></span> <span class='ocrx_word' id='word_1_213' title='bbox 639 2739 812 2808; x_wconf 79' lang='lat' dir='ltr'><strong>occupatam</strong></span> <span class='ocrx_word' id='word_1_214' title='bbox 842 2751 905 2790; x_wconf 89' lang='lat' dir='ltr'><strong>esse</strong></span> <span class='ocrx_word' id='word_1_215' title='bbox 933 2732 990 2802; x_wconf 82' lang='lat' dir='ltr'><strong>ait,</strong></span> <span class='ocrx_word' id='word_1_216' title='bbox 1025 2741 1059 2788; x_wconf 88' lang='lat' dir='ltr'><strong>ut</strong></span> <span class='ocrx_word' id='word_1_217' title='bbox 1092 2731 1195 2789; x_wconf 88' lang='lat' dir='ltr'><strong>audire</strong></span> <span class='ocrx_word' id='word_1_218' title='bbox 1225 2750 1286 2789; x_wconf 90' lang='lat' dir='ltr'><strong>non</strong></span> <span class='ocrx_word' id='word_1_219' title='bbox 1312 2731 1405 2806; x_wconf 84' lang='lat' dir='ltr'><strong>possit,</strong></span> 
     </span>
     <span class='ocr_line' id='line_1_24' title="bbox 296 2829 1406 2911; baseline -0.009 -17"><span class='ocrx_word' id='word_1_220' title='bbox 296 2855 361 2911; x_wconf 78' lang='lat' dir='ltr'><strong>quae</strong></span> <span class='ocrx_word' id='word_1_221' title='bbox 384 2835 474 2892; x_wconf 86' lang='lat' dir='ltr'><strong>dicat.</strong></span> <span class='ocrx_word' id='word_1_222' title='bbox 506 2863 547 2874; x_wconf 86' lang='lat'><strong>·-</strong></span> <span class='ocrx_word' id='word_1_223' title='bbox 582 2837 652 2892; x_wconf 89' lang='grc'><strong>336.</strong></span> <span class='ocrx_word' id='word_1_224' title='bbox 687 2835 799 2894; x_wconf 88' lang='lat' dir='ltr'><strong>Errore</strong></span> <span class='ocrx_word' id='word_1_225' title='bbox 827 2834 913 2892; x_wconf 88' lang='lat' dir='ltr'><strong>codd.</strong></span> <span class='ocrx_word' id='word_1_226' title='bbox 945 2856 963 2891; x_wconf 88' lang='lat' dir='ltr'><strong>a</strong></span> <span class='ocrx_word' id='word_1_227' title='bbox 990 2855 1054 2894; x_wconf 86' lang='lat' dir='ltr'><strong>voc.</strong></span> <span class='ocrx_word' id='word_1_228' title='bbox 1091 2831 1220 2910; x_wconf 80' lang='lat' dir='ltr'><strong>„igitnr“</strong></span> <span class='ocrx_word' id='word_1_229' title='bbox 1252 2829 1406 2891; x_wconf 84' lang='lat' dir='ltr'><strong>llelsenidis</strong></span> 
     </span>
     <span class='ocr_line' id='line_1_25' title="bbox 296 2935 1405 3015; baseline -0.005 -21"><span class='ocrx_word' id='word_1_230' title='bbox 296 2942 457 2997; x_wconf 83' lang='lat' dir='ltr'><strong>orationem</strong></span> <span class='ocrx_word' id='word_1_231' title='bbox 482 2939 635 3015; x_wconf 90' lang='lat' dir='ltr'><strong>incipiunt.</strong></span> <span class='ocrx_word' id='word_1_232' title='bbox 688 2939 784 3009; x_wconf 79' lang='lat' dir='ltr'><strong>Quum</strong></span> <span class='ocrx_word' id='word_1_233' title='bbox 806 2937 858 2996; x_wconf 85' lang='lat' dir='ltr'><strong>illa</strong></span> <span class='ocrx_word' id='word_1_234' title='bbox 882 2937 963 2995; x_wconf 85' lang='lat' dir='ltr'><strong>uliud</strong></span> <span class='ocrx_word' id='word_1_235' title='bbox 985 2959 1016 2994; x_wconf 91' lang='lat' dir='ltr'><strong>se</strong></span> <span class='ocrx_word' id='word_1_236' title='bbox 1040 2957 1126 3013; x_wconf 79' lang='lat' dir='ltr'><strong>agere</strong></span> <span class='ocrx_word' id='word_1_237' title='bbox 1148 2937 1283 3008; x_wconf 77' lang='lat' dir='ltr'><strong>dixisset,</strong></span> <span class='ocrx_word' id='word_1_238' title='bbox 1305 2935 1405 2993; x_wconf 87' lang='lat' dir='ltr'><strong>Alcesi-</strong></span> 
     </span>
     <span class='ocr_line' id='line_1_26' title="bbox 296 3033 1405 3118; baseline -0.006 -20"><span class='ocrx_word' id='word_1_239' title='bbox 296 3043 432 3100; x_wconf 86' lang='lat' dir='ltr'><strong>marchus</strong></span> <span class='ocrx_word' id='word_1_240' title='bbox 462 3037 546 3115; x_wconf 75' lang='lat' dir='ltr'><strong>Quid</strong></span> <span class='ocrx_word' id='word_1_241' title='bbox 573 3036 640 3114; x_wconf 61' lang='lat' dir='ltr'><strong>apis</strong></span> <span class='ocrx_word' id='word_1_242' title='bbox 670 3035 797 3116; x_wconf 65' lang='lat' dir='ltr'><strong>agriter?</strong></span> <span class='ocrx_word' id='word_1_243' title='bbox 836 3045 948 3118; x_wconf 88' lang='lat' dir='ltr'><strong>inquit,</strong></span> <span class='ocrx_word' id='word_1_244' title='bbox 981 3047 1011 3098; x_wconf 90' lang='lat' dir='ltr'><strong>et</strong></span> <span class='ocrx_word' id='word_1_245' title='bbox 1042 3041 1222 3098; x_wconf 82' lang='lat' dir='ltr'><strong>comicorum</strong></span> <span class='ocrx_word' id='word_1_246' title='bbox 1256 3039 1343 3096; x_wconf 90' lang='lat' dir='ltr'><strong>modo</strong></span> <span class='ocrx_word' id='word_1_247' title='bbox 1375 3033 1405 3092; x_wconf 86' lang='lat' dir='ltr'><strong>ed</strong></span> 
     </span>
     <span class='ocr_line' id='line_1_27' title="bbox 296 3143 1404 3218; baseline -0.003 -17"><span class='ocrx_word' id='word_1_248' title='bbox 296 3145 382 3202; x_wconf 82' lang='lat' dir='ltr'><strong>eliam</strong></span> <span class='ocrx_word' id='word_1_249' title='bbox 406 3146 487 3202; x_wconf 85' lang='lat' dir='ltr'><strong>verbi</strong></span> <span class='ocrx_word' id='word_1_250' title='bbox 510 3147 570 3202; x_wconf 90' lang='lat' dir='ltr'><strong>vim</strong></span> <span class='ocrx_word' id='word_1_251' title='bbox 592 3147 740 3204; x_wconf 86' lang='lat' dir='ltr'><strong>transiens</strong></span> <span class='ocrx_word' id='word_1_252' title='bbox 763 3144 857 3215; x_wconf 85' lang='lat' dir='ltr'><strong>addit,</strong></span> <span class='ocrx_word' id='word_1_253' title='bbox 881 3165 911 3202; x_wconf 87' lang='lat' dir='ltr'><strong>se</strong></span> <span class='ocrx_word' id='word_1_254' title='bbox 934 3146 961 3200; x_wconf 90' lang='lat' dir='ltr'><strong>ei</strong></span> <span class='ocrx_word' id='word_1_255' title='bbox 984 3143 1133 3201; x_wconf 86' lang='lat' dir='ltr'><strong>dicturum</strong></span> <span class='ocrx_word' id='word_1_256' title='bbox 1150 3163 1223 3212; x_wconf 88' lang='lat' dir='ltr'><strong>esse,</strong></span> <span class='ocrx_word' id='word_1_257' title='bbox 1249 3143 1319 3218; x_wconf 89' lang='lat' dir='ltr'><strong>quid</strong></span> <span class='ocrx_word' id='word_1_258' title='bbox 1335 3145 1404 3213; x_wconf 79' lang='lat' dir='ltr'><strong>egat.</strong></span> 
     </span>
     <span class='ocr_line' id='line_1_28' title="bbox 296 3241 1405 3324; baseline -0.004 -22"><span class='ocrx_word' id='word_1_259' title='bbox 296 3249 314 3303; x_wconf 95' lang='lat' dir='ltr'><strong>i.</strong></span> <span class='ocrx_word' id='word_1_260' title='bbox 339 3268 365 3305; x_wconf 86' lang='lat' dir='ltr'><strong>e.</strong></span> <span class='ocrx_word' id='word_1_261' title='bbox 389 3247 461 3324; x_wconf 92' lang='lat' dir='ltr'><strong>qnid</strong></span> <span class='ocrx_word' id='word_1_262' title='bbox 484 3265 520 3304; x_wconf 86' lang='lat' dir='ltr'><strong>ex</strong></span> <span class='ocrx_word' id='word_1_263' title='bbox 542 3247 629 3306; x_wconf 88' lang='lat' dir='ltr'><strong>sactis</strong></span> <span class='ocrx_word' id='word_1_264' title='bbox 652 3249 716 3306; x_wconf 90' lang='lat' dir='ltr'><strong>eius</strong></span> <span class='ocrx_word' id='word_1_265' title='bbox 739 3254 914 3305; x_wconf 89' lang='lat' dir='ltr'><strong>eventurum</strong></span> <span class='ocrx_word' id='word_1_266' title='bbox 938 3249 986 3304; x_wconf 93' lang='lat' dir='ltr'><strong>sit.</strong></span> <span class='ocrx_word' id='word_1_267' title='bbox 1006 3246 1135 3304; x_wconf 80' lang='lat' dir='ltr'><strong>-Post</strong></span> <span class='ocrx_word' id='word_1_268' title='bbox 1157 3241 1297 3304; x_wconf 75' lang='lat' dir='ltr'><strong>animum</strong></span> <span class='ocrx_word' id='word_1_269' title='bbox 1318 3245 1405 3302; x_wconf 87' lang='lat' dir='ltr'><strong>hiatus</strong></span> 
     </span>
     <span class='ocr_line' id='line_1_29' title="bbox 296 3345 1403 3426; baseline 0.001 -20"><span class='ocrx_word' id='word_1_270' title='bbox 296 3351 326 3407; x_wconf 91' lang='lat' dir='ltr'><strong>in</strong></span> <span class='ocrx_word' id='word_1_271' title='bbox 350 3370 469 3408; x_wconf 80' lang='lat' dir='ltr'><strong>caesura.</strong></span> <span class='ocrx_word' id='word_1_272' title='bbox 514 3349 648 3408; x_wconf 79' lang='lat' dir='ltr'><strong>Mueller.</strong></span> <span class='ocrx_word' id='word_1_273' title='bbox 676 3351 819 3422; x_wconf 88' lang='lat' dir='ltr'><strong>,aduorte</strong></span> <span class='ocrx_word' id='word_1_274' title='bbox 842 3347 917 3408; x_wconf 72' lang='lat' dir='ltr'><strong>huc⁶⁵</strong></span> <span class='ocrx_word' id='word_1_275' title='bbox 949 3351 1082 3424; x_wconf 80' lang='lat' dir='ltr'><strong>scripsit,</strong></span> <span class='ocrx_word' id='word_1_276' title='bbox 1111 3347 1218 3426; x_wconf 83' lang='lat' dir='ltr'><strong>Speng.</strong></span> <span class='ocrx_word' id='word_1_277' title='bbox 1251 3345 1343 3424; x_wconf 82' lang='lat' dir='ltr'><strong>„uti‘¹.</strong></span> <span class='ocrx_word' id='word_1_278' title='bbox 1370 3374 1403 3383; x_wconf 72' lang='lat'><em>-</em></span> 
     </span>
     <span class='ocr_line' id='line_1_30' title="bbox 298 3448 1405 3531; baseline -0.005 -21"><span class='ocrx_word' id='word_1_279' title='bbox 298 3454 358 3510; x_wconf 90' lang='grc'><strong>337</strong></span> <span class='ocrx_word' id='word_1_280' title='bbox 381 3451 469 3510; x_wconf 82' lang='lat' dir='ltr'><strong>affert</strong></span> <span class='ocrx_word' id='word_1_281' title='bbox 490 3451 659 3510; x_wconf 79' lang='lat' dir='ltr'><strong>Priscianus</strong></span> <span class='ocrx_word' id='word_1_282' title='bbox 682 3453 711 3510; x_wconf 95' lang='lat' dir='ltr'><strong>Il</strong></span> <span class='ocrx_word' id='word_1_283' title='bbox 733 3476 762 3531; x_wconf 91' lang='lat' dir='ltr'><strong>p.</strong></span> <span class='ocrx_word' id='word_1_284' title='bbox 788 3455 863 3512; x_wconf 78' lang='lat'>581:</span> <span class='ocrx_word' id='word_1_285' title='bbox 893 3453 953 3526; x_wconf 90' lang='lat' dir='ltr'><strong>„At</strong></span> <span class='ocrx_word' id='word_1_286' title='bbox 974 3454 1016 3508; x_wconf 88' lang='lat' dir='ltr'><strong>ita</strong></span> <span class='ocrx_word' id='word_1_287' title='bbox 1039 3471 1084 3509; x_wconf 88' lang='lat' dir='ltr'><strong>me</strong></span> <span class='ocrx_word' id='word_1_288' title='bbox 1107 3451 1138 3508; x_wconf 94' lang='lat' dir='ltr'><strong>di</strong></span> <span class='ocrx_word' id='word_1_289' title='bbox 1162 3453 1295 3528; x_wconf 86' lang='lat' dir='ltr'><strong>deaeque</strong></span> <span class='ocrx_word' id='word_1_290' title='bbox 1316 3448 1405 3526; x_wconf 86' lang='lat' dir='ltr'><strong>superi</strong></span> 
     </span>
    </p>
   </div>
   <div class='ocr_carea' id='block_1_5' title="bbox 171 3548 1403 3631">
    <p class='ocr_par' dir='ltr' id='par_1_5' title="bbox 171 3548 1403 3631">
     <span class='ocr_line' id='line_1_31' title="bbox 171 3548 1403 3631; baseline -0.005 -18"><span class='ocrx_word' id='word_1_291' title='bbox 171 3573 174 3579; x_wconf 86' lang='grc'><strong>’</strong></span> <span class='ocrx_word' id='word_1_292' title='bbox 295 3556 381 3613; x_wconf 81' lang='lat' dir='ltr'><strong>inferi</strong></span> <span class='ocrx_word' id='word_1_293' title='bbox 404 3560 435 3612; x_wconf 92' lang='lat' dir='ltr'><strong>et</strong></span> <span class='ocrx_word' id='word_1_294' title='bbox 458 3553 659 3614; x_wconf 84' lang='lat' dir='ltr'><strong>medioximi“.</strong></span> <span class='ocrx_word' id='word_1_295' title='bbox 709 3548 754 3616; x_wconf 78' lang='lat' dir='ltr'><strong>At</strong></span> <span class='ocrx_word' id='word_1_296' title='bbox 775 3553 820 3615; x_wconf 75' lang='lat' dir='ltr'><strong>itu</strong></span> <span class='ocrx_word' id='word_1_297' title='bbox 842 3571 898 3628; x_wconf 85' lang='lat' dir='ltr'><strong>me,</strong></span> <span class='ocrx_word' id='word_1_298' title='bbox 922 3555 1062 3614; x_wconf 89' lang='lat' dir='ltr'><strong>sollemne</strong></span> <span class='ocrx_word' id='word_1_299' title='bbox 1085 3555 1203 3613; x_wconf 85' lang='lat' dir='ltr'><strong>iurandi</strong></span> <span class='ocrx_word' id='word_1_300' title='bbox 1225 3555 1403 3631; x_wconf 85' lang='lat' dir='ltr'><strong>principium,</strong></span> 
     </span>
    </p>
   </div>
   <div class='ocr_carea' id='block_1_6' title="bbox 294 3651 1404 4351">
    <p class='ocr_par' dir='ltr' id='par_1_6' title="bbox 294 3651 1404 4351">
     <span class='ocr_line' id='line_1_32' title="bbox 295 3651 1403 3735; baseline -0.004 -21"><span class='ocrx_word' id='word_1_301' title='bbox 295 3659 331 3715; x_wconf 87' lang='lat' dir='ltr'><strong>cf.</strong></span> <span class='ocrx_word' id='word_1_302' title='bbox 356 3657 440 3735; x_wconf 78' lang='lat' dir='ltr'><strong>capt.</strong></span> <span class='ocrx_word' id='word_1_303' title='bbox 465 3658 536 3716; x_wconf 87' lang='grc'><strong>616.</strong></span> <span class='ocrx_word' id='word_1_304' title='bbox 576 3657 660 3715; x_wconf 86' lang='lat' dir='ltr'><strong>Cure.</strong></span> <span class='ocrx_word' id='word_1_305' title='bbox 686 3661 758 3716; x_wconf 80' lang='grc'><strong>577.</strong></span> <span class='ocrx_word' id='word_1_306' title='bbox 781 3660 818 3716; x_wconf 87' lang='lat' dir='ltr'><strong>al.</strong></span> <span class='ocrx_word' id='word_1_307' title='bbox 851 3690 891 3698; x_wconf 89' lang='lat'><strong>—</strong></span> <span class='ocrx_word' id='word_1_308' title='bbox 919 3651 1124 3730; x_wconf 70' lang='lat' dir='ltr'><strong>mdioxumt&#39;,</strong></span> <span class='ocrx_word' id='word_1_309' title='bbox 1152 3659 1170 3714; x_wconf 92' lang='lat' dir='ltr'><strong>i.</strong></span> <span class='ocrx_word' id='word_1_310' title='bbox 1195 3679 1220 3715; x_wconf 89' lang='lat' dir='ltr'><strong>e.</strong></span> <span class='ocrx_word' id='word_1_311' title='bbox 1244 3657 1347 3724; x_wconf 87' lang='lat' dir='ltr'><strong>medii,</strong></span> <span class='ocrx_word' id='word_1_312' title='bbox 1373 3653 1403 3709; x_wconf 88' lang='lat' dir='ltr'><strong>cl.</strong></span> 
     </span>
     <span class='ocr_line' id='line_1_33' title="bbox 295 3757 1404 3838; baseline -0.006 -21"><span class='ocrx_word' id='word_1_313' title='bbox 295 3763 367 3820; x_wconf 79' lang='lat'><strong>445.</strong></span> <span class='ocrx_word' id='word_1_314' title='bbox 411 3759 454 3818; x_wconf 90' lang='lat' dir='ltr'><strong>Ut</strong></span> <span class='ocrx_word' id='word_1_315' title='bbox 475 3780 577 3818; x_wconf 91' lang='lat' dir='ltr'><strong>omnes</strong></span> <span class='ocrx_word' id='word_1_316' title='bbox 600 3763 719 3820; x_wconf 89' lang='lat' dir='ltr'><strong>omnino</strong></span> <span class='ocrx_word' id='word_1_317' title='bbox 741 3761 788 3819; x_wconf 87' lang='lat' dir='ltr'><strong>dei</strong></span> <span class='ocrx_word' id='word_1_318' title='bbox 813 3760 1109 3838; x_wconf 88' lang='lat' dir='ltr'><strong>comprehendantur,</strong></span> <span class='ocrx_word' id='word_1_319' title='bbox 1131 3761 1249 3836; x_wconf 85' lang='lat' dir='ltr'><strong>superis</strong></span> <span class='ocrx_word' id='word_1_320' title='bbox 1267 3767 1297 3817; x_wconf 91' lang='lat' dir='ltr'><strong>et</strong></span> <span class='ocrx_word' id='word_1_321' title='bbox 1312 3757 1404 3816; x_wconf 86' lang='lat' dir='ltr'><strong>inferis</strong></span> 
     </span>
     <span class='ocr_line' id='line_1_34' title="bbox 295 3863 1403 3941; baseline -0.004 -21"><span class='ocrx_word' id='word_1_322' title='bbox 295 3863 446 3921; x_wconf 85' lang='lat' dir='ltr'><strong>adduntur</strong></span> <span class='ocrx_word' id='word_1_323' title='bbox 469 3865 568 3936; x_wconf 87' lang='lat' dir='ltr'><strong>etiarn,</strong></span> <span class='ocrx_word' id='word_1_324' title='bbox 602 3867 653 3940; x_wconf 92' lang='lat' dir='ltr'><strong>qni</strong></span> <span class='ocrx_word' id='word_1_325' title='bbox 682 3863 772 3922; x_wconf 90' lang='lat' dir='ltr'><strong>medii</strong></span> <span class='ocrx_word' id='word_1_326' title='bbox 802 3866 880 3922; x_wconf 90' lang='lat' dir='ltr'><strong>inter</strong></span> <span class='ocrx_word' id='word_1_327' title='bbox 907 3869 1051 3941; x_wconf 86' lang='lat' dir='ltr'><strong>utrosque</strong></span> <span class='ocrx_word' id='word_1_328' title='bbox 1081 3864 1230 3921; x_wconf 86' lang='lat' dir='ltr'><strong>interiecti</strong></span> <span class='ocrx_word' id='word_1_329' title='bbox 1259 3867 1341 3934; x_wconf 89' lang='lat' dir='ltr'><strong>sunt,</strong></span> <span class='ocrx_word' id='word_1_330' title='bbox 1373 3878 1403 3916; x_wconf 84' lang='lat' dir='ltr'><strong>uc</strong></span> 
     </span>
     <span class='ocr_line' id='line_1_35' title="bbox 294 3965 1401 4043; baseline -0.005 -21"><span class='ocrx_word' id='word_1_331' title='bbox 294 3971 438 4022; x_wconf 88' lang='lat' dir='ltr'><strong>terrestre</strong></span> <span class='ocrx_word' id='word_1_332' title='bbox 466 3969 616 4024; x_wconf 89' lang='lat' dir='ltr'><strong>numinum</strong></span> <span class='ocrx_word' id='word_1_333' title='bbox 645 3986 751 4042; x_wconf 84' lang='lat' dir='ltr'><strong>genus,</strong></span> <span class='ocrx_word' id='word_1_334' title='bbox 787 3967 869 4023; x_wconf 84' lang='lat' dir='ltr'><strong>velut</strong></span> <span class='ocrx_word' id='word_1_335' title='bbox 891 3965 987 4024; x_wconf 86' lang='lat' dir='ltr'><strong>Fauni</strong></span> <span class='ocrx_word' id='word_1_336' title='bbox 1010 3966 1229 4043; x_wconf 72' lang='lat' dir='ltr'><strong>Nymphaque,</strong></span> <span class='ocrx_word' id='word_1_337' title='bbox 1264 3965 1401 4022; x_wconf 87' lang='lat' dir='ltr'><strong>exclusum</strong></span> 
     </span>
     <span class='ocr_line' id='line_1_36' title="bbox 294 4069 1401 4146; baseline -0.006 -20"><span class='ocrx_word' id='word_1_338' title='bbox 294 4071 342 4126; x_wconf 85' lang='lat' dir='ltr'><strong>sit.</strong></span> <span class='ocrx_word' id='word_1_339' title='bbox 382 4097 423 4108; x_wconf 90' lang='lat'><strong>-—</strong></span> <span class='ocrx_word' id='word_1_340' title='bbox 464 4070 525 4126; x_wconf 88' lang='grc'><strong>338</strong></span> <span class='ocrx_word' id='word_1_341' title='bbox 554 4089 618 4146; x_wconf 92' lang='lat' dir='ltr'><strong>sqq.</strong></span> <span class='ocrx_word' id='word_1_342' title='bbox 658 4069 889 4127; x_wconf 87' lang='lat' dir='ltr'><strong>Perturbatione</strong></span> <span class='ocrx_word' id='word_1_343' title='bbox 922 4072 1013 4127; x_wconf 89' lang='lat' dir='ltr'><strong>animi</strong></span> <span class='ocrx_word' id='word_1_344' title='bbox 1046 4075 1211 4127; x_wconf 87' lang='lat' dir='ltr'><strong>commotus</strong></span> <span class='ocrx_word' id='word_1_345' title='bbox 1245 4069 1401 4127; x_wconf 87' lang='lat' dir='ltr'><strong>adolescens</strong></span> 
     </span>
     <span class='ocr_line' id='line_1_37' title="bbox 294 4169 1400 4236; baseline -0.005 -8"><span class='ocrx_word' id='word_1_346' title='bbox 294 4171 417 4228; x_wconf 88' lang='lat' dir='ltr'><strong>deorum</strong></span> <span class='ocrx_word' id='word_1_347' title='bbox 439 4174 571 4228; x_wconf 80' lang='lat' dir='ltr'><strong>rationes</strong></span> <span class='ocrx_word' id='word_1_348' title='bbox 593 4173 673 4229; x_wconf 89' lang='lat' dir='ltr'><strong>inter</strong></span> <span class='ocrx_word' id='word_1_349' title='bbox 695 4191 726 4228; x_wconf 90' lang='lat' dir='ltr'><strong>se</strong></span> <span class='ocrx_word' id='word_1_350' title='bbox 749 4170 917 4230; x_wconf 86' lang='lat' dir='ltr'><strong>confundit:</strong></span> <span class='ocrx_word' id='word_1_351' title='bbox 947 4172 1088 4229; x_wconf 87' lang='lat' dir='ltr'><strong>lunonem</strong></span> <span class='ocrx_word' id='word_1_352' title='bbox 1110 4173 1190 4229; x_wconf 87' lang='lat' dir='ltr'><strong>lovis</strong></span> <span class='ocrx_word' id='word_1_353' title='bbox 1218 4172 1307 4230; x_wconf 88' lang='lat' dir='ltr'><strong>liliam</strong></span> <span class='ocrx_word' id='word_1_354' title='bbox 1330 4169 1400 4236; x_wconf 82' lang='lat' dir='ltr'><strong>dicit,</strong></span> 
     </span>
     <span class='ocr_line' id='line_1_38' title="bbox 294 4273 1400 4351; baseline -0.005 -17"><span class='ocrx_word' id='word_1_355' title='bbox 294 4274 457 4334; x_wconf 85' lang='lat' dir='ltr'><strong>Saturnum</strong></span> <span class='ocrx_word' id='word_1_356' title='bbox 479 4280 630 4351; x_wconf 87' lang='lat' dir='ltr'><strong>patruum,</strong></span> <span class='ocrx_word' id='word_1_357' title='bbox 654 4273 747 4350; x_wconf 89' lang='lat' dir='ltr'><strong>Opem</strong></span> <span class='ocrx_word' id='word_1_358' title='bbox 770 4277 866 4334; x_wconf 83' lang='lat' dir='ltr'><strong>aviam</strong></span> <span class='ocrx_word' id='word_1_359' title='bbox 889 4276 962 4333; x_wconf 88' lang='lat' dir='ltr'><strong>eius.</strong></span> <span class='ocrx_word' id='word_1_360' title='bbox 1010 4276 1070 4332; x_wconf 87' lang='grc'><strong>339</strong></span> <span class='ocrx_word' id='word_1_361' title='bbox 1088 4273 1229 4350; x_wconf 84' lang='lat' dir='ltr'><strong>sqaffert</strong></span> <span class='ocrx_word' id='word_1_362' title='bbox 1245 4274 1400 4332; x_wconf 86' lang='lat' dir='ltr'><strong>Priscianus</strong></span> 
     </span>
    </p>
   </div>
   <div class='ocr_carea' id='block_1_7' title="bbox 0 0 1496 5012">
    <p class='ocr_par' dir='ltr' id='par_1_7' title="bbox 0 0 1496 5012">
     <span class='ocr_line' id='line_1_39' title="bbox 0 0 1496 5012; baseline 0 1"><span class='ocrx_word' id='word_1_363' title='bbox 0 0 1496 5012; x_wconf 95' lang='lat' dir='ltr'><strong> </strong></span> 
     </span>
    </p>
   </div>
  </div>
 </body>
</html>
