2982 5012
751 356 843 414 Plauti
1186 363 1205 428 1,
1214 365 1237 430 2,
1246 363 1366 417 25-37

532 600 538 613 .
646 549 947 634 Stratippocles

664 659 743 724 Tam
767 660 827 724 tibi
850 661 935 724 istuc
957 659 1053 724 credo
1077 681 1175 742 qnam
1198 660 1278 726 mihi.
1297 679 1367 732 180
1487 667 1488 708 Τ

699 789 894 874 Epidicus

236 893 366 960 Benene
389 905 493 979 usque
516 893 680 963 caluisti?

645 1038 948 1122 Stratippocles
1488 1109 1489 1138 p

674 1149 698 1210 Α
722 1147 836 1212 morbo
860 1147 960 1228 ualui,
984 1147 1025 1212 ab
1049 1147 1158 1213 animo
1181 1167 1275 1230 aeger
1295 1149 1363 1213 lui.
1488 1145 1489 1210 i

697 1279 724 1343 Ε
762 1279 894 1343 idicus
933 1275 940 1283 ’

235 1382 331 1459 Quod
354 1383 395 1448 ad
420 1406 471 1450 me
494 1384 645 1464 adtinuit
669 1301 884 1468 egopcuraui;
907 1387 995 1470 quod
1017 1387 1217 1453 mandauisti
1239 1387 1326 1466 mihi,

236 1491 486 1574 Inpetratumst;
509 1501 621 1578 empta
643 1494 810 1572 ancillast,
834 1493 922 1578 quod
945 1500 1016 1560 tute
1039 1495 1082 1560 ad
1105 1517 1156 1560 me
1178 1495 1302 1562 litteras

236 1601 475 1666 llissiculabas.

647 1726 949 1812 Stratippocles

506 1835 683 1900 Perdidisti
707 1856 834 1901 omnem
858 1856 1001 1920 operam.

699 1965 895 2049 Epidicus

1015 2073 1098 2139 Nam
1122 2075 1363 2158 quiperdidi?

647 2181 950 2267 Stratippocles

211 2293 214 2300 '
236 2289 322 2366 Quia
344 2310 418 2354 meo
440 2310 546 2373 neque
570 2297 681 2355 caract
703 2289 793 2354 cordi
814 2309 921 2374 neque
944 2290 1061 2374 placet.

583 2512 587 2523 Ι
697 2421 894 2514 Epidicus

1052 2527 1136 2606 Quid
1159 2529 1280 2610 retulit,
1304 2548 1364 2600 135

232 2637 311 2701 Mihi
335 2643 510 2722 tantopere
533 2643 566 2702 te
589 2637 748 2702 mandare
771 2643 805 2700 et
826 2636 956 2702 mittere
980 2635 1022 2700 ad
1046 2657 1096 2702 mc
1120 2639 1298 2720 epistulas?

530 2803 535 2820 ·
644 2766 951 2853 Stratippocles

232 2877 325 2941 Illam
350 2877 503 2942 amabam
526 2876 619 2956 olim;
643 2876 816 2940 nunciam
840 2875 907 2940 alia
930 2895 1011 2940 cura
1032 2875 1190 2960 inpendet
1211 2877 1348 2961 pectori.

217 3092 224 3100 ι
243 3067 249 3080 ,
697 3007 895 3092 Epidicus
1274 3071 1278 3080 ,

233 3113 349 3180 Hercle
363 3117 562 3196 misarumst,
580 3116 746 3198 ingratum
764 3137 835 3180 esse
854 3114 975 3180 homini
988 3114 1031 3195 id,
1050 3113 1136 3198 quod
1148 3113 1251 3180 lebias
1264 3115 1358 3180 bene.

233 3221 302 3306 Ego
326 3223 413 3306 quod
435 3223 519 3289 bene
541 3223 615 3304 leci,
639 3221 723 3287 male
746 3223 820 3300 leci,
845 3225 923 3306 quia
946 3243 1037 3287 amor
1059 3225 1201 3289 mutauit
1223 3225 1339 3289 locum.

644 3353 949 3440 Stratippocles

233 3459 443 3555 Desipiebam
466 3463 592 3542 mantis,
616 3483 716 3546 quom
739 3460 797 3527 illa
819 3463 943 3545 scripta
965 3461 1135 3527 mittebam
1157 3463 1229 3527 tibi.
1309 3479 1361 3532 140

701 3592 897 3676 Epidicus

233 3699 310 3764 Men
333 3700 541 3783 piacularem
564 3707 695 3784 oportet
718 3699 786 3764 fieri
810 3700 852 3765 ob
875 3700 1052 3766 stultitiam
1074 3707 1175 3781 tuam,

234 3807 279 3874 Ut
300 3829 410 3874 meum
434 3815 562 3890 tergum
583 3815 662 3874 tuae
685 3808 846 3874 stultitiae
870 3809 992 3875 subdas
1015 3809 1267 3875 succidaneum?

304 4066 354 4116 132
372 4064 513 4118 mandasti
590 4065 638 4117 133
658 4063 791 4133 Emptast
809 4065 909 4118 ancilla
981 4067 1029 4118 137
1048 4064 1186 4134 impendit
1256 4066 1305 4118 138
1321 4081 1351 4132 sp

233 4133 377 4204 hominem
396 4149 428 4201 ld
447 4149 523 4216 quod
540 4147 628 4202 facias
650 4149 722 4204 bene
739 4166 792 4217 ego
811 4150 887 4218 quod
905 4149 958 4204 leci
977 4150 1048 4205 bene
1099 4154 1148 4203 140
1166 4151 1228 4205 illas
1243 4151 1361 4218 scriptas

236 4237 285 4286 142
304 4233 435 4286 stultitias
454 4239 519 4288 tuae
1203 4241 1210 4246 '
