2970 5006
269 361 329 420 336
743 353 924 410 floridioris.

267 569 363 626 egam,
381 553 452 610 scio.
482 549 545 608 ΤΗ.
558 549 641 622 Hem,
656 549 728 626 quid
740 549 829 608 modo
840 545 914 608 coest*
929 579 972 589 —
991 548 1061 606 514.
1078 539 1161 620 Seia,
1173 547 1256 617 nori,
1270 547 1387 618 ironice,

268 652 303 712 oi.
316 653 469 712 Aulum.
499 651 567 710 Ter.
587 651 680 712 Andr.
699 654 770 712 838,
787 681 829 728 ··.
851 653 927 724 Quid
949 647 1062 730 igitur?
1088 649 1195 728 inquit,
1220 669 1275 708 cur
1297 668 1389 726 nuper

267 763 354 816 tanto
365 775 454 834 opere
467 754 651 814 extimuisti?
662 784 703 795 -
723 757 793 814 516.
815 754 850 814 ui
867 751 1015 830 occepisti
1020 777 1028 828 ;
1051 753 1186 812 videmus
1206 751 1317 812 effectu
1331 772 1389 811 nou

267 861 397 918 caruisse
419 859 497 916 servi
519 855 759 918 admonitionem.
782 887 826 898 -
847 852 926 936 qais,
949 861 1044 936 potes,
1069 857 1189 918 51805.
1220 847 1388 930 Persjissss.

268 963 354 1022 Troo.
381 963 451 1020 325.
474 989 516 1001 —
544 961 615 1020 517.
644 955 825 1034 Hermam,
849 960 1012 1032 ἀλεξίκακον,
1036 964 1236 1020 monstrorum
1259 961 1390 1018 omnium

268 1065 409 1122 victorem
432 1063 644 1140 hominumque
664 1070 856 1124 servatorem.
877 1092 920 1104 —
942 1063 971 1122 ie
986 1059 1109 1122 inuare.
1150 1061 1258 1120 Hiatus
1275 1063 1391 1122 vitandi

269 1187 357 1226 cause
378 1164 523 1224 Fleckeis.
550 1163 637 1238 „ted“
663 1168 797 1243 scripsit,
825 1165 861 1226 R.
888 1171 936 1238 „te
958 1162 1042 1242 080⁸,
1072 1164 1166 1241 Bugg.
1193 1163 1291 1237 ,Mihi
1314 1166 1391 1224 Her-

269 1270 362 1329 culem
390 1266 525 1328 inuoeo“.
558 1298 601 1310 —
634 1269 690 1328 His
717 1267 803 1328 dictis
830 1287 921 1328 senex
948 1268 1072 1344 aufugit.
1127 1267 1239 1326 Tranio
1268 1267 1393 1327 abeunti

269 1373 368 1432 omnia
390 1372 470 1430 mela
491 1377 584 1449 optet,
608 1371 758 1430 exsultans
777 1371 858 1448 qood
874 1371 955 1430 fraus
972 1391 1026 1430 suo
1042 1375 1103 1428 tam
1121 1370 1237 1430 felicem
1254 1377 1391 1432 arentum

268 1475 415 1534 habuerit.
473 1475 543 1532 518.
578 1468 623 1534 Εἰ
656 1489 711 1551 690
743 1469 800 1534 tibi
832 1473 878 1533 ed.
911 1493 957 1552 pr.
991 1501 1034 1514 -
1068 1475 1138 1532 ⁵20.
1177 1468 1259 1534 mali
1290 1474 1390 1535 Guiet

160 1575 543 1650 ,mmmm

354 1680 439 1754 Quod
467 1685 536 1758 post
562 1681 624 1737 hoec
652 1680 754 1758 eliqua
780 1679 967 1739 intercidisse
1001 1677 1180 1740 Bitscheliue
1209 1682 1389 1758 suspicetur,

270 1787 413 1858 rationes,
448 1802 521 1860 ques
549 1784 579 1840 iu
606 1782 781 1860 prefatione
808 1803 839 1860 p.
861 1781 915 1840 XV
943 1781 1044 1855 offert,
1078 1783 1179 1858 potius
1208 1786 1391 1844 contrarium

239 1889 242 1896 ’
268 1877 410 1964 probautss
442 1907 495 1944 nco
524 1887 644 1944 maioris
667 1887 807 1946 momenti
829 1890 900 1944 eunt
921 1905 986 1963 quse
1008 1886 1040 1942 in
1063 1884 1187 1943 eandem
1211 1889 1391 1946 senteutiam

269 1989 443 2069 Spengelius
476 1990 611 2064 disputat
643 1987 710 2062 (Die
737 1987 1019 2062 Acteneiutheilung
1046 1987 1094 2046 bei
1117 1987 1242 2046 Plautus
1272 2007 1303 2065 p.
1328 1987 1390 2063 42),
1473 1969 1474 1984 ¹

269 2094 381 2172 quippe
404 2094 455 2169 qui
478 2097 593 2150 certum
616 2091 765 2167 quoddam
789 2089 916 2150 affirmet
938 2091 1069 2166 quinque
1091 2095 1211 2150 actuum
1233 2093 1390 2150 metricum

269 2193 514 2266 achemeniam,
538 2195 635 2267 ouius,
664 2197 688 2254 si
711 2213 812 2254 verum
835 2193 988 2252 fatendum
1011 2197 1072 2264 est,
1096 2213 1133 2250 ne
1155 2212 1247 2252 uuum
1270 2195 1390 2271 quidem

269 2296 438 2374 exemplum
467 2315 589 2374 prorsus
616 2303 785 2354 accuratum
813 2296 912 2356 afferri
945 2297 1057 2372 potuit.
1111 2295 1204 2354 Immo
1238 2295 1296 2355 hoc
1325 2298 1390 2358 loeo

211 2461 214 2473 ¹
269 2400 383 2458 nullum
406 2419 460 2457 neo
481 2399 594 2458 lacunae
616 2417 669 2456 neo
691 2403 774 2457 actus
798 2401 868 2458 novi
890 2398 1080 2456 intervallum
1103 2402 1169 2482 mi,
1204 2417 1258 2457 neo
1281 2398 1390 2459 Tranio

269 2503 456 2580 proscenium
480 2501 617 2577 reliquit,
647 2519 738 2577 quum
760 2499 883 2560 advenit
904 2500 1022 2559 danista
1043 2501 1127 2560 fenus
1150 2503 1266 2575 argenti
1288 2509 1390 2581 postu·

268 2604 343 2680 lane,
368 2603 448 2681 quod
470 2604 633 2663 Philocrati
656 2592 862 2662 commodavit.

358 2710 427 2768 521.
468 2707 593 2766 Danista
626 2707 776 2782 queritur,
811 2705 891 2783 quod
924 2703 1085 2764 difficulter
1118 2711 1274 2782 argentum
1308 2728 1389 2767 suum

269 2812 389 2870 faenore
406 2811 549 2870 collocare
566 2809 669 2888 possit.
687 2807 848 2884 arymtum
865 2801 1126 2894 faenorigridetur
1149 2827 1212 2868 esee
1234 2815 1388 2886 argentum

270 2915 379 2974 fanore
402 2912 620 2986 collocandum
643 2911 694 2970 sed
717 2910 792 2970 nihil
814 2911 910 2970 simile
933 2911 1003 2970 vidi.
1058 2910 1144 2983 Quod
1165 2911 1202 2970 R.
1226 2914 1389 2991 suspicatus
1473 2941 1474 2946 ¹

270 3023 325 3090 ost,
352 3017 486 3090 „argenti
505 3011 637 3072 faenori“
652 3015 825 3090 reciperem,
848 3017 874 3072 si
892 3033 957 3072 cnm
975 3015 1119 3091 proximis
1137 3017 1317 3088 conveniret,
1340 3015 1389 3074 sed
1473 2993 1474 3054 i

270 3140 298 3177 v.
324 3121 383 3177 523
407 3139 451 3194 sq.
476 3119 620 3195 queritur,
644 3136 702 3174 non
725 3115 805 3194 quod
827 3117 919 3174 smnus
942 3115 1076 3175 debitum
1098 3135 1156 3175 uon
1179 3118 1317 3195 recipiat,
1339 3118 1389 3177 sed

209 3226 211 3235 '
270 3220 352 3299 quod
373 3240 458 3279 nemo
479 3221 637 3297 pecuniam
659 3220 779 3278 faenore
801 3237 916 3277 sumere
933 3220 1015 3278 velit.
1028 3249 1070 3260 -
1089 3221 1160 3278 523.
1183 3216 1273 3280 mani
1295 3220 1340 3294 R,
1362 3241 1387 3278 v.
1473 3199 1474 3202 Ἴ

271 3323 309 3382 ad
332 3325 402 3382 752.
425 3353 468 3362 —
497 3325 567 3384 505.
601 3319 634 3382 ia
654 3321 843 3397 perpetuum
864 3317 1004 3394 medem,
1033 3321 1069 3381 ci.
1097 3323 1167 3381 143.
1189 3351 1233 3362 -
1262 3325 1322 3382 526
1345 3343 1386 3399 eq.

271 3425 406 3484 Laconas
434 3427 585 3502 supplevit
613 3425 726 3484 Camer.
749 3429 845 3497 recte,
879 3425 936 3483 niei
969 3424 1051 3501 quod
1086 3421 1219 3498 ,fenori“
1257 3428 1387 3502 scripsit;

271 3529 417 3588 ablativus
434 3529 606 3605 requiritur,
618 3548 645 3588 v.
660 3529 729 3588 591.
744 3529 814 3586 900.
844 3525 934 3603 Epid.
948 3529 1003 3601 543
1026 3527 1162 3604 idemque
1174 3529 1386 3588 restituendum

271 3630 404 3690 Viduler.
424 3633 481 3690 29:
508 3633 643 3704 „minam
667 3632 760 3704 Quem
784 3649 830 3688 me
853 3631 977 3688 orauisti
995 3637 1029 3688 ut
1046 3631 1146 3690 darem
1163 3629 1221 3689 tibi
1239 3627 1386 3690 faenore“.

270 3734 349 3792 infra
377 3753 405 3792 r.
431 3734 509 3792 1121
537 3739 568 3792 et
590 3734 650 3794 Cic.
668 3733 753 3792 Verr.
778 3733 815 3806 11,
836 3734 887 3806 70,
908 3734 985 3790 170:
1022 3735 1181 3810 ,pecunias
1211 3733 1249 3791 iis
1271 3733 1387 3792 faenore

271 3833 392 3894 dabat“.
403 3865 447 3875 -
461 3838 530 3896 528.
548 3833 616 3895 nisi
634 3831 710 3912 quid
725 3837 803 3894 lunt.
822 3865 864 3878 -
884 3837 955 3894 529.
977 3829 1029 3893 Ne
1047 3829 1112 3894 hoc.
1151 3833 1261 3894 Hiatus
1277 3837 1387 3894 uitandi

271 3937 434 4014 oausaPyl.
451 3938 511 4010 ,Ut
527 3935 662 4014 nephoc‘ss
685 3937 765 3996 cam.
781 3935 844 4012 „No
860 3933 1036 4009 hocnunc“,
1059 3936 1147 3996 Both.
1170 3937 1251 4010 „Hoc
1268 3939 1336 3999 ne“.
1347 3967 1387 3978 -

273 4043 343 4102 531.
362 4036 578 4100 indaudiuerit
589 4040 675 4100 Both.
690 4060 756 4113 em,
780 4060 807 4099 v.
827 4039 865 4098 ed
877 4038 961 4116 Capi.
976 4041 1025 4100 30.
1037 4067 1080 4080 ·-
1094 4041 1164 4098 532.
1188 4033 1233 4100 Ei
1244 4040 1280 4100 R.
1292 4039 1387 4100 Taub·

270 4163 408 4204 mannum
438 4148 567 4202 secutus.
596 4173 638 4184 -·-
672 4145 742 4202 533.
779 4139 923 4218 „animus
950 4139 1112 4215 conscissa,
1146 4143 1202 4202 sibi
1232 4143 1317 4216 mali,
1351 4143 1384 4200 cf.
1473 4187 1474 4206 ,

168 4267 171 4281 =
271 4233 1474 4323 mmmmmmmwmssmmm,1
