2982 5012
104 383 142 450 V,
155 388 178 450 1,
191 342 292 436 lttsst'!
601 381 744 453 Epidicus.
1194 387 1235 446 53

521 569 825 657 Stratippocles

105 679 206 744 Haec
229 687 289 745 est.
328 679 440 756 Estne,
464 680 511 746 ita
533 687 570 744 ut
591 679 652 744 tibi
669 678 967 764 dixi-adspecta
989 684 1022 744 et
1042 677 1236 761 contempla,

879 785 1013 870 Epidico
1037 821 1079 832 —
1186 803 1238 855 620

105 895 227 978 Usque
251 895 294 960 ab
317 895 493 978 unguiculo
517 894 560 960 ad
583 895 736 978 capillum
759 915 919 960 summum
942 894 1189 960 festinissuma?

100 1004 213 1068 Estne
249 1003 428 1070 consimilis
462 1005 556 1088 quasi
590 1023 688 1086 quom
721 1002 849 1086 signum
881 1003 1007 1085 pictum
1036 1001 1149 1086 pulcre
1180 1002 1236 1065 all-

882 1110 1050 1193 spexeris?

582 1241 609 1305 E
645 1241 778 1306 idione

97 1350 156 1413 Ex
185 1351 254 1416 tuis
277 1309 516 1414 uerlrismeum
539 1264 684 1414 iutuSum
709 1349 831 1414 corium
854 1347 1002 1430 pulcrum
1026 1347 1208 1429 praedicas

97 1457 216 1533 Quem
241 1456 372 1570 Apelles
396 1466 496 1540 atque
519 1457 636 1522 Zeuxis
665 1457 730 1521 duo
753 1457 889 1540 pingent
911 1455 1086 1538 pigmentis
1110 1455 1235 1519 ulmeis.

170 1703 176 1716 ι
526 1620 828 1705 Stratippocles

95 1732 145 1795 [ri
173 1731 380 1805 inmortales,
404 1730 450 1795 sic
473 1737 505 1794 te
527 1729 608 1794 iussi
631 1729 673 1793 ad
697 1749 747 1792 me
770 1729 818 1793 ire
840 1727 1003 1810 pedibus?
1025 1727 1188 1810 Palmipes

93 1837 170 1916 Qui
199 1838 401 1921 perhibetur,
425 1839 515 1919 prius
539 1838 691 1936 uenisset,
715 1857 813 1919 quam
837 1843 872 1900 tu
897 1835 1059 1900 aduenieti
1079 1835 1166 1899 mihi.
1187 1852 1237 1904 626

591 2001 764 2065 Danista

92 2113 203 2178 Haeo
227 2110 345 2194 edepol
368 2117 533 2175 remorata
554 2110 628 2174 med
652 2119 710 2174 est.

523 2269 828 2356 Stratippocles
929 2309 932 2318 ‚
967 2281 972 2292 '

739 2381 774 2446 Si
798 2379 941 2463 quidem·
951 2379 1044 2444 istius
1067 2381 1174 2462 gratia

89 2495 137 2559 ld
168 2490 397 2568 remoratus'c‚
422 2489 509 2572 quod
531 2490 597 2555 ista
619 2489 734 2568 uoluit,
757 2489 890 2553 nimium
916 2487 1079 2552 aduenisti
1103 2489 1178 2554 cito.

588 2632 764 2696 Danista

88 2749 195 2828 Age,
219 2761 296 2822 age,
320 2738 453 2805 absolue
465 2760 525 2826 ,pre
545 2745 646 2823 atque
669 2747 839 2822 argentum
862 2759 1011 2816 numera,
1040 2759 1080 2804 ne
1103 2738 1237 2803 comites

880 2867 998 2912 morer.

419 2992 423 3000 ’
523 2976 829 3062 Stratippocles

90 3093 428 3158 Pernumeratumst.

592 3179 767 3282 Danista
1024 3298 1028 3306 Ι

382 3321 468 3386 'l‘ene
492 3326 689 3404 cruminam
713 3325 777 3389 huo
799 3324 892 3403 iude;
914 3324 1013 3407 capit.

405 3519 408 3526 ·
522 3475 829 3562 Stratippocles

944 3587 995 3650 Aa
1018 3594 1055 3650 tu
1077 3586 1168 3648 nenia
1188 3603 1239 3654 630

91 3693 280 3784 opperiri·
301 3689 378 3755 dum
401 3689 500 3757 effero
523 3691 567 3756 ad
589 3698 622 3757 te
645 3684 837 3786 argeutum?

123 3849 201 3862 «μ’
237 3847 340 3852 ’‘⁰‘'—

173 3920 231 3974 620
248 3918 305 3970 ista
322 3914 356 3984 Α,
376 3931 427 3971 otro.
445 3916 473 3969 B
551 3923 667 3988 aspecta
683 3917 746 3974 haec
765 3918 927 3987 contempla
945 3917 1060 3988 epydice
1078 3917 1105 3971 B
1187 3921 1235 3972 621

93 4006 213 4080 ungulo
233 4002 261 4057 A
328 4019 465 4056 summum
486 4007 530 4056 est
598 4005 649 4057 622
667 4003 755 4058 Estne
774 4004 923 4058 considera
932 4041 1009 4056 .....
1024 4004 1134 4072 signum
1152 4002 1180 4057 B

65 4093 212 4170 ‘uideris
234 4088 262 4141 B
317 4088 369 4140 624
387 4087 509 4157 appelles
569 4089 685 4157 pincent
746 4088 830 4144 ulmis
883 4091 934 4142 626
954 4089 1012 4142 scio
1030 4089 1099 4142 iussi
1118 4087 1238 4142 admirer

184 4173 340 4245 pulmunes
418 4173 470 4226 628
485 4179 643 4228 remoratus
728 4177 779 4228 629
796 4192 841 4227 me
858 4191 909 4229 om.
988 4191 1104 4230 numera
1121 4189 1238 4228 numera

95 4269 151 4321 (330
171 4263 413 4315 Pernnmcratust
482 4258 556 4314 inde.
577 4259 627 4312 ST.
648 4259 800 4328 Sapienter
818 4261 905 4315 uenis.
975 4261 1024 4314 661
1045 4256 1161 4327 Operire
