2982 5014
256 355 320 416 410
727 345 903 400 Menaechmi.

258 547 307 617 29,
321 547 349 604 7.
362 541 422 616 el),
446 540 607 602 sedetiam
632 542 766 614 ,enimus
789 539 864 598 fixns
887 539 971 600 clauo
990 539 1163 618 cupidini?
1191 533 1285 617 (Asin.
1302 537 1369 619 155)

256 653 286 706 et
315 645 503 706 adversarios
536 643 626 720 figere
659 641 825 702 maledictis
859 647 912 701 aut
942 643 1009 702 telis
1047 637 1120 719 (Cic.
1145 643 1228 704 Orat.
1253 645 1300 717 25,
1324 646 1370 703 89.
1460 651 1461 724 J

256 747 323 808 Nat.
343 747 432 806 Deor.
451 745 474 818 Ι,
500 747 549 819 34,
574 746 623 804 93.
658 744 731 804 Ces.
750 744 783 804 B.
802 743 884 802 Alex.
906 747 944 804 30
965 741 1027 818 el.).
1067 745 1103 805 R.
1124 751 1155 804 et
1173 745 1223 804 Br.
1240 745 1369 818 „fissam“

256 849 482 922 substituerunt,
500 867 606 924 perum
619 852 697 924 epte.
710 877 752 886 —
765 862 939 920 cumessam,
952 849 971 906 i.
985 867 1011 906 e.
1024 867 1203 923 percussam,
1217 855 1252 906 nt
1263 849 1373 907 Colum.
1460 823 1461 892 9

255 952 294 1025 ΙΙ,
309 953 358 1024 21,
371 953 405 1010 4:
422 955 578 1022 „excutere
589 951 687 1026 spicas
699 945 832 1008 baculis“
844 973 850 1022 ;
864 948 939 1008 Plin.
953 949 989 1008 H.
1003 949 1038 1009 N.
1047 949 1156 1022 XVIII,
1172 951 1220 1022 ll,
1235 951 1284 1022 29,
1301 951 1374 1008 112:

259 1055 407 1128 ,excussis
424 1052 531 1110 tunicis
551 1045 669 1128 (eeoe)“.
711 1050 822 1110 Riteah.
835 1071 900 1110 cum
913 1051 1019 1126 Scalig.
1035 1049 1222 1126 „excusam“‚
1243 1051 1280 1110 ab
1292 1072 1374 1110 excu-

255 1155 361 1228 dendo,
381 1161 415 1214 ut
437 1151 608 1226 ,excusor“,
632 1153 714 1229 quod
732 1152 882 1212 difficilius
900 1153 1046 1228 intelligo.
1064 1183 1106 1193 -
1125 1155 1196 1212 396.
1216 1148 1377 1228 pelliouisi

255 1257 290 1317 R.
315 1277 371 1316 em.
418 1249 509 1316 Palis
532 1261 596 1314 tota
619 1258 703 1314 navis
725 1255 837 1314 referta
860 1255 984 1328 dicitur,
1014 1261 1047 1314 ut
1076 1255 1195 1314 officina
1212 1251 1374 1330 pelliceis,

254 1359 306 1418 ubi
329 1379 365 1417 ex
386 1359 462 1436 palis
485 1365 563 1436 apte
586 1363 656 1418 aunt
676 1358 768 1436 pelles
791 1364 852 1416 tam
875 1359 1089 1434 frequentibus,
1112 1363 1145 1416 ut
1163 1379 1258 1436 parva
1276 1380 1375 1418 eornm

256 1460 415 1520 intervella
444 1462 511 1519 sint.
534 1489 577 1500 -
609 1463 679 1520 397.
708 1476 757 1519 me
783 1460 850 1519 add.
876 1459 1031 1520 Gruterus.
1054 1459 1199 1520 Fleckeis.
1228 1459 1372 1534 ,desiste“

255 1564 369 1622 meluit.
393 1593 434 1604 -
459 1565 529 1622 398.
554 1562 628 1623 Post
648 1559 780 1634 „alium“·
796 1563 893 1622 hiatus
917 1565 949 1622 in
971 1561 1103 1635 dieareri;
1127 1563 1247 1628 Msrller.
1269 1564 1372 1637 „hine‘
1460 1567 1461 1600 9

256 1665 401 1740 addebat,
434 1663 485 1724 R.:
523 1665 616 1738 ,Nam
645 1667 743 1724 nescio
771 1663 894 1742 quem“;
929 1665 1016 1722 simul
1046 1665 1189 1724 excidisse
1219 1673 1287 1725 ante
1315 1667 1374 1726 baso
1460 1693 1461 1750 j

255 1787 371 1828 versum
394 1769 519 1844 putavit.
572 1768 604 1826 Si
631 1769 697 1844 quis
725 1769 756 1827 in
783 1769 898 1840 ,nescio
922 1767 1006 1844 qnis“
1033 1788 1050 1826 o
1074 1770 1178 1846 utique
1201 1770 1290 1827 brere
1314 1789 1373 1828 esse
1460 1781 1461 1850 9

255 1875 388 1944 censeat,
428 1872 542 1930 centius
582 1890 646 1930 cum
687 1869 890 1929 Studemundo
924 1871 1008 1930 Stud.
1042 1872 1056 1928 l
1087 1891 1117 1948 p.
1154 1873 1215 1930 230
1250 1873 1372 1930 scribat:
1460 1863 1461 1952 J

258 1973 384 2046 ,Nescio
408 1993 492 2050 quem
516 1979 557 2045 tu,
582 1967 718 2031 mulier“.
733 2001 772 2012 -
794 1974 853 2032 399
878 1993 941 2050 sqq.
966 1972 1110 2046 Erotium,
1135 1992 1194 2050 quo
1218 1993 1250 2032 ee
1271 1974 1373 2052 probet

254 2075 466 2134 Menoeebrnum
494 2077 626 2147 novisse,
656 2081 770 2151 patrem
799 2077 986 2153 patriamque
1009 2077 1072 2134 eins
1095 2077 1229 2135 nominet
1257 2077 1372 2134 histori-
1460 2071 1461 2132 l

256 2195 360 2255 amque
383 2181 473 2236 etiam
501 2181 606 2256 patriae
635 2179 697 2236 eins
720 2183 849 2236 enarrat.
907 2177 953 2235 Ab
974 2171 1146 2254 Aquileocle
1174 2179 1295 2255 incipit,
1325 2181 1372 2254 qui
1460 2203 1461 2206 ¹

256 2281 392 2340 omnibus
415 2281 585 2338 notissimus
608 2285 671 2338 erat
692 2280 731 2354 (v.
755 2279 793 2338 ad
816 2280 904 2338 Most.
929 2275 1015 2355 760),
1039 2283 1069 2338 in
1092 2274 1233 2340 Hierone
1255 2281 1370 2354 desinit,

256 2383 307 2458 qui
336 2387 366 2440 et
395 2384 458 2460 ipse
486 2389 612 2460 propter
638 2385 720 2458 regni
750 2382 969 2456 longitudinem
1005 2381 1044 2456 (a.
1069 2378 1252 2460 ero-216)
1282 2386 1370 2442 ratio-

256 2503 366 2561 nesque
395 2503 460 2542 curn
489 2483 630 2544 Romanis
658 2491 826 2544 contractas
856 2485 944 2562 vulgo
977 2491 1065 2544 notus
1099 2493 1172 2543 eret.
1234 2484 1292 2544 Sed
1325 2487 1372 2562 qni
1460 2491 1461 2518 ¹

255 2605 341 2662 reges
358 2587 558 2644 intercessisse
580 2586 728 2659 dicuntur,
751 2607 853 2646 eorum
876 2589 952 2646 alter
975 2587 1031 2646 alio
1048 2589 1189 2664 pertinet,
1215 2581 1369 2658 Plaireir'oe,
1460 2581 1461 2670 9

255 2689 411 2766 Agrigenti
434 2693 578 2762 tyrannus
600 2689 840 2762 violentissimus,
865 2713 892 2750 v.
916 2689 1038 2749 Diodor.
1063 2689 1201 2768 Excerpt.
1225 2689 1321 2764 XXll,
1345 2693 1369 2762 9,
1460 2679 1461 2772 9

256 2793 347 2864 elter,
381 2785 514 2865 Liparo,
548 2794 668 2850 omnino
693 2791 777 2886 fictus
800 2792 934 2864 videtur,
967 2795 1087 2850 nomine
1110 2791 1199 2852 ducto
1223 2813 1241 2850 e
1264 2791 1368 2870 Lipare

255 2893 358 2951 insula.
410 2893 470 2950 Nec
498 2913 600 2952 verum
633 2899 677 2952 eet
701 2893 858 2952 Hieronem
882 2893 1046 2952 hereditate
1069 2914 1191 2970 regnum
1218 2898 1367 2972 accepisse,
1460 2903 1461 2954 f

254 3015 321 3054 nem
343 2996 471 3054 militnm
493 3015 584 3074 opere
614 2997 781 3074 occupavit.
836 2993 962 3054 Frustra
989 2997 1083 3071 igitur
1111 2998 1168 3054 viri
1198 2996 1277 3056 docti
1306 2998 1367 3054 hine

253 3099 318 3156 veri
340 3097 454 3172 aliquid
477 3098 584 3156 elicere
607 3099 705 3156 conati
734 3103 816 3170 sunt,
847 3117 873 3155 v.
898 3097 1003 3172 Helm,
1038 3098 1215 3158 Gesohiohte
1240 3099 1367 3160 Siciliene

254 3201 292 3256 im
315 3199 485 3258 Alterthum
507 3199 537 3257 ΙΙ
558 3221 587 3277 p.
612 3201 683 3260 490.
740 3201 795 3272 Qui
818 3199 1028 3274 Syracusarum
1054 3203 1210 3260 historiam
1235 3201 1272 3260 ab
1297 3204 1366 3276 Aga·

253 3303 351 3362 thecle
374 3301 411 3361 ad
430 3302 588 3360 Hieronem
607 3295 646 3378 (a.
662 3297 843 3378 aee-270)
866 3308 1077 3378 persecuturus
1100 3305 1166 3375 luit,
1192 3306 1216 3362 is
1240 3303 1366 3362 Hicetem

253 3407 405 3464 nominare
424 3403 525 3462 debuit
542 3412 572 3462 et
589 3404 744 3480 Pyrrhum.
790 3403 849 3462 Sed
867 3410 1004 3463 accurate
1023 3407 1095 3464 talia
1112 3425 1260 3483 exponere
1278 3413 1366 3484 poeta

253 3508 357 3566 comici
379 3527 438 3566 non
461 3513 519 3581 est;
548 3511 573 3565 is
599 3511 699 3584 potius
726 3507 849 3564 licenter
871 3503 1010 3582 fingendo
1033 3509 1221 3567 intervallum
1245 3509 1367 3586 explerit

253 3615 283 3668 et
310 3611 341 3668 in
373 3613 441 3688 ipsa
473 3611 603 3668 vanitate
637 3610 817 3668 narrationis
850 3609 969 3668 ridiculi
1005 3610 1117 3688 aliquid
1151 3612 1298 3687 quesivit.
1334 3637 1364 3648 -

251 3713 329 3772 Ante
351 3732 380 3770 v.
403 3714 464 3771 406
489 3713 632 3771 excidisse
655 3711 770 3789 aliquid
790 3712 939 3771 intellexit
961 3711 1161 3788 Ladewigius.
1213 3715 1275 3771 Aut
1296 3713 1364 3771 Ero·

251 3817 326 3874 tium
349 3814 447 3872 denuo
468 3813 698 3888 Menaechmum,
728 3820 762 3872 ut
784 3816 926 3887 intraret,
950 3808 1109 3888 invitavit,
1140 3821 1193 3874 aut
1221 3817 1284 3893 ipse
1306 3813 1364 3876 Ms-

252 3917 399 3975 neechmus
422 3915 613 3994 significavit,
648 3937 679 3974 se
709 3919 767 3974 iam
795 3936 889 3994 prope
918 3918 1029 3976 victum
1060 3937 1215 3989 assensa,
1250 3925 1283 3976 nt
1306 3922 1364 3976 ente

252 4023 413 4096 negaverat
437 4011 478 4094 (v.
503 4015 589 4091 379),
618 4019 660 4076 ita
676 4033 860 4095 perneyare,
889 4021 937 4078 rel
958 4021 989 4078 in
1012 4018 1148 4098 negando
1172 4039 1364 4098 perseverare,

253 4123 381 4198 exempli
404 4139 505 4179 causa:
545 4119 648 4192 ,Unde
670 4119 749 4178 unde
771 4129 830 4194 est,
860 4121 935 4180 bens
963 4123 1108 4182 innitenti
1138 4121 1294 4181 aduersari
1322 4122 1366 4180 vix

253 4221 368 4282 decet“.
386 4251 428 4262 -
446 4221 517 4280 Post
528 4243 556 4281 v.
570 4223 631 4281 407
645 4221 773 4296 Ledeia,
794 4222 839 4295 R,
860 4223 908 4280 Br.
921 4243 1039 4284 versum
1057 4224 1201 4282 excidisse
1218 4229 1363 4302 putarunt,
