2976 5018
794 360 886 416 Plauti
1247 361 1289 422 Ill,
1304 367 1345 419 9-
1354 365 1379 416 17

396 637 752 704 ALCESIMAROHUS
797 637 1012 704 MELAENIS
1058 638 1271 706 SELENIUM

667 825 1004 893 Alcesimarchus

278 939 398 1021 Recipe
421 957 472 1001 me
494 935 537 999 ad
560 943 603 1014 te,
628 933 727 1011 Mors,
751 937 891 1001 amicum
916 942 948 1000 et
972 937 1176 1001 beneuolum.

737 1053 943 1120 Selenium

1190 1166 1222 1230 M
1225 1174 1292 1233 ater
1310 1185 1385 1242 mea

277 1271 441 1338 Periimus
462 1272 612 1336 miserae.

666 1390 1003 1456 Alcesimarchus

607 1499 723 1564 Utrum
746 1497 808 1564 hac
832 1522 881 1564 me
905 1499 1019 1566 leriam
1041 1523 1083 1566 an
1105 1496 1148 1566 ab
1171 1502 1266 1566 laeua
1284 1499 1385 1564 latus?

740 1620 940 1684 Melaenis

278 1704 364 1782 Quid
387 1705 448 1770 tibi
471 1705 542 1769 eet?

738 1813 938 1879 Selenium

523 1919 800 1986 Alcesimarchum
821 1943 888 1987 non
910 1921 1026 1988 uides?
1070 1921 1205 1988 Ferrum
1229 1930 1322 1988 tenet.
1341 1935 1388 1990 474

662 2057 1002 2124 Alcesimarchus

277 2167 406 2252 Ecquid
429 2167 520 2250 agis?
565 2167 752 2232 Remorare.
798 2167 924 2232 Lumen
946 2167 1068 2250 linque.

737 2287 938 2352 Selenium

1062 2396 1198 2475 Amabo,
1222 2397 1387 2468 adcurrite,

277 2481 327 2546 Ne
349 2503 384 2546 sc
405 2483 589 2548 interemat.

668 2601 1001 2666 Alcesimarchus

636 2709 663 2774 Ο
686 2710 792 2775 salute
815 2729 888 2774 mea
910 2709 999 2774 salus
1022 2709 1194 2790 salubrior,

278 2819 325 2883 Tu
350 2839 445 2898 nunc,
469 2820 497 2883 si
519 2838 580 2900 ego
603 2817 679 2883 uolo
702 2839 761 2884 seu
781 2819 868 2897 nolo,
892 2817 963 2883 sola
986 2839 1047 2896 me,
1070 2826 1108 2883 ut
1130 2819 1252 2898 uiuam,
1274 2817 1360 2884 facis.

737 2961 930 3026 Melaenis

277 3069 375 3135 Haud
398 3069 533 3134 uoluisti
554 3071 641 3135 istuc
664 3091 816 3134 seuerum
839 3070 957 3134 facere.

654 3211 1000 3303 'Alcesimarchus

953 3320 1042 3386 Nihil
1065 3342 1193 3388 mecum
1214 3321 1286 3387 tibi.

277 3431 430 3496 Mortuus
449 3430 509 3494 tibi
526 3451 612 3510 sum3
635 3430 729 3509 hanc,
746 3437 784 3494 nt
800 3429 917 3508 habeo,
936 3438 1062 3495 certum
1081 3441 1210 3496 estnon
1229 3433 1390 3506 emittere;

276 3539 360 3603 Nam
383 3537 493 3602 hercle
515 3539 580 3602 iam
603 3539 645 3602 ad
669 3560 719 3602 me
741 3537 964 3621 adglutinabo,
988 3539 1064 3604 dum
1086 3540 1146 3604 tibi
1164 3539 1333 3605 decretum
1349 3545 1393 3602 est
1467 3617 1468 3624 ἵ

992 3649 1080 3712 dare.
1347 3665 1391 3716 481
1467 3645 1468 3652 '

362 3833 528 3890 Nomsamo
560 3833 634 3888 uuas
659 3830 911 3900 incumbens,
944 3833 1057 3900 nnus,
1092 3821 1172 3888 nnn
1203 3835 1312 3890 auum
1342 3830 1393 3887 nn
1467 3871 1468 3874 ,

276 3923 327 3976 473
346 3921 482 3976 beniuole
498 3919 546 3974 Hc
672 3919 724 3972 474
742 3919 867 3972 Petimus
996 3921 1048 3974 474
1066 3927 1178 3974 tenenat
1191 3919 1226 3988 Β,
1244 3925 1344 3975 tenens
1361 3915 1391 3983 Ε

277 4007 461 4062 tenentemI
551 4006 602 4057 476
620 4002 662 4056 Eo
681 4005 749 4072 quid
765 4003 797 4058 Ε
879 4023 1066 4062 rememorare
1083 4005 1118 4074 E,
1137 4026 1175 4061 ne
1191 4022 1236 4059 me
1252 4001 1395 4060 morareI
1467 4035 1468 4040 =

394 4093 520 4147 accurite
536 4089 564 4142 B
717 4093 769 4145 478
788 4092 847 4144 sola
864 4089 893 4144 Β
909 4107 945 4145 m.
962 4109 1012 4148 aec.
1030 4093 1142 4148 addidit
1154 4099 1221 4160 pout
1238 4108 1282 4144 me

230 4203 234 4211 ³
277 4179 353 4232 niam
371 4177 402 4232 Ε
485 4178 536 4230 479
553 4181 611 4230 Aut
628 4175 676 4230 ΙΕ
756 4180 850 4232 istunc
867 4176 926 4231 Bu
1028 4177 1256 4232 Alchesimarcho
1275 4171 1393 4230 nichili

276 4267 326 4319 481
346 4261 577 4333 adglutinandam
594 4269 682 4316 totam
