2976 5018
254 385 312 447 108
766 383 857 437 riano
1172 383 1210 448 11,
1227 383 1358 450 aare

700 572 923 656 Lampadio

252 679 429 760 Seruatum
451 677 508 744 sod
531 679 629 746 illaec
651 701 686 746 ss
708 681 873 764 quandam
897 681 990 747 aibat
1013 682 1182 748 mulierem

250 787 351 854 Suam
373 787 623 852 beneuolentem
647 791 822 854 conuenire
845 791 944 856 etiam
966 791 1070 874 prius,
1310 806 1362 858 tao

250 895 428 962 Commune
452 917 592 980 quaeum
615 898 650 963 id
672 906 761 963 osset
782 897 845 964 sibi
868 899 1054 982 negotium

249 1007 292 1071 Et
315 1007 392 1086 soie,
416 1014 599 1072 uenturam.

708 1125 908 1192 Melaenis

650 1235 702 1300 Me
724 1234 895 1316 indicabit,
917 1244 951 1302 et
974 1257 1051 1302 suae

250 1453 300 1517 Ad
322 1473 413 1516 meas
438 1453 585 1516 miserias
609 1451 693 1516 alias
716 1452 833 1518 iaoism
856 1453 1030 1518 oonsoiam.

669 1593 947 1661 Phanostrata

251 1702 335 1780 Quid
360 1705 520 1768 nunonis
543 1706 652 1770 iaoers
675 1703 748 1768 mei

698 1845 925 1931 Lampadio

699 1955 791 2020 Intro
814 1955 870 2020 abi
893 1966 994 2040 atquo
1017 1956 1126 2021 animo
1149 1955 1236 2019 bono
1258 1974 1298 2018 es.
1314 1968 1362 2020 425

250 2063 309 2128 Uir
330 2068 408 2129 tuus
431 2065 458 2128 si
476 2064 601 2144 -aeniet,
624 2064 700 2129 iube
723 2063 811 2128 domi
835 2065 1023 2148 opperirier,

250 2171 299 2237 Ne
321 2173 357 2235 ia
380 2173 573 2255 quaestions
597 2172 677 2238 mihi
700 2173 756 2252 sit,
779 2172 806 2238 si
830 2173 909 2257 quid
933 2194 1007 2238 eum
1030 2171 1139 2238 uelim.

251 2279 319 2362 Ego
341 2281 383 2345 ad
407 2302 504 2346 anum
528 2302 659 2348 recurro
681 2302 822 2346 rursum.

669 2436 952 2502 Phanostrata

862 2544 1054 2628 Lampadio,
1076 2543 1224 2624 obsecro,

250 2650 346 2718 Oura.

701 2761 920 2844 Lampadio

376 2870 560 2936 Perfectum
585 2891 646 2952 ego
670 2869 732 2935 hoo
755 2869 841 2936 dabo
863 2871 1040 2954 negotium.

671 3023 951 3091 Phanostrata

250 3133 338 3238 Deos
359 3140 457 3215 teque
480 3155 586 3217 spero.

697 3267 920 3350 Lampadio

629 3375 771 3441 Eosdem
794 3396 871 3456 ag03
893 3381 930 3439 tu
954 3375 1054 3440 abeas
1078 3375 1219 3440 domum.
1323 3389 1369 3440 430

709 3529 911 3595 Melaenis

250 3639 459 3720 Adulescens,
482 3639 578 3724 adsta
600 3645 700 3723 atque
723 3638 810 3702 audi.

704 3793 922 3874 Lampadio

858 3902 942 3980 Men,
967 3897 1090 3978 mulier,
1115 3902 1238 3965 uocas?

253 4025 481 4036 ——..-—.—

336 4113 387 4163 419
405 4109 499 4162 aiebat
576 4108 628 4160 422
645 4105 782 4160 indicauit
855 4107 905 4158 423
924 4106 1024 4160 loom
1041 4120 1096 4158 non
1112 4103 1255 4159 indicatur
1324 4105 1369 4157 424

251 4195 388 4252 faciamI
442 4195 494 4247 426
513 4189 720 4261 operirierBE,
739 4191 898 4260 operirerI
954 4193 1003 4245 427
1021 4191 1051 4244 in
1066 4205 1117 4244 om.
1180 4190 1337 4257 quaestioni
1345 4189 1367 4250 1,

251 4298 322 4351 quas
339 4281 459 4334 ationem
476 4277 512 4347 B,
532 4280 708 4349 questionem
725 4276 756 4333 Ε
821 4279 873 4331 teo
891 4293 944 4347 ego
962 4277 1004 4330 nti
1021 4275 1126 4332 habeas
