2982 5014
290 421 351 483 390
455 404 459 416 '
763 414 935 472 sensum

287 611 473 685 histrionum,
497 629 570 686 qnos
585 611 759 688 plerumque
775 629 877 670 servos
898 611 990 670 luisse
1013 617 1135 684 oonstst,
1159 633 1187 672 r.
1206 611 1393 672 Friedlinder

286 715 318 773 in
346 714 509 773 enchiridio
530 711 774 788 Becker-Msrqu.
797 712 838 771 Iv
866 731 894 788 p.
920 713 979 771 534
1004 733 1046 790 sq.
1076 743 1118 754 —
1145 711 1297 774 mutarier
1319 715 1392 775 Cum.
1479 717 1480 802 ,

287 843 329 856 -·
351 818 400 874 75.
436 809 534 874 Modo
561 809 610 874 hio
637 809 735 890 austu
761 809 830 874 leno
857 814 992 888 Gruter„
1027 814 1078 874 ssd
1108 819 1249 876 inusitate
1278 817 1395 876 verbum
1479 867 1480 896 ,

286 917 423 976 absolute
451 917 580 993 ponitur,
615 921 645 975 et
676 935 730 994 per
758 917 971 992 oppositionem
1006 916 1158 977 adduntur
1190 938 1257 995 quse
1296 919 1397 978 obiecti

286 1020 383 1078 loonm
405 1024 505 1077 tenere
528 1017 690 1091 debebant;
725 1037 792 1077 nam
815 1017 904 1092 vulgo
927 1017 1036 1077 dieitur
1058 1021 1194 1078 lenonem
1217 1027 1269 1078 aut
1286 1022 1397 1080 lenonis
1479 995 1480 1036 ³

286 1128 386 1200 psrtss
410 1139 504 1198 egere.
550 1119 686 1178 Cstsrnm
708 1121 797 1178 nimis
819 1119 944 1197 abrupte
966 1122 1145 1180 terminatur
1166 1123 1319 1199 prologus,
1350 1143 1398 1182 nec
1479 1185 1480 1200 ,

286 1225 349 1282 sine
372 1243 459 1282 musa
481 1221 607 1280 Bothins
629 1221 738 1298 aliique
760 1221 895 1290 mutilum
919 1241 983 1282 esse
1005 1230 1158 1301 putarunt.
1218 1201 1223 1210 ¹

371 1531 421 1588 77.
453 1529 575 1588 Initium
596 1527 706 1586 sabula
722 1529 794 1587 {soit
815 1532 963 1606 parasitus
986 1529 1023 1587 ad
1044 1535 1203 1607 patronum
1228 1549 1314 1588 sunm
1337 1529 1396 1586 Me·

228 1633 233 1642 '
285 1632 444 1690 nmohmum
464 1628 696 1720 (Epidamnium.)
720 1651 751 1689 se
769 1633 931 1691 conferens.
976 1631 1014 1704 Is,
1033 1641 1067 1689 ut
1087 1625 1184 1690 solent
1200 1634 1233 1690 in
1251 1632 1397 1690 comedis

286 1734 347 1793 sius
369 1736 485 1807 generis
515 1733 659 1806 homines,
688 1732 818 1792 ridicule
836 1735 985 1808 ingenium
1008 1753 1092 1791 sunm
1114 1736 1234 1810 promit,
1258 1754 1287 1791 v.
1308 1733 1394 1792 Stich.
1479 1759 1480 1814 j

288 1837 346 1895 159
370 1855 434 1914 sqq.
458 1839 497 1908 et,
521 1837 572 1912 qui
594 1835 675 1893 loeus
698 1841 798 1894 nostro
821 1837 947 1894 similior
969 1841 1030 1905 est,
1054 1834 1139 1911 ant.
1164 1836 1203 1893 69
1227 1855 1295 1914 sqq.
1342 1829 1396 1894 Pe-

284 1931 423 1997 nicetium
445 1957 476 1994 se
498 1939 598 1996 vocari
621 1940 671 2011 ait,
696 1940 766 2014 quin
788 1959 926 2010 mensem,
950 1957 1040 2013 quum
1063 1938 1141 2010 edet,
1164 1937 1208 1994 ita
1232 1935 1395 2012 detergent,
1479 1919 1480 1924 ἵ

283 2045 319 2099 ut
350 2040 425 2100 nihil
457 2039 657 2116 relinquatur,
694 2041 832 2117 peniculo
870 2043 946 2098 enim
986 2042 1063 2098 servi
1097 2059 1212 2098 mensus
1248 2041 1397 2117 detergere

285 2142 431 2202 solebant·
487 2139 657 2215 „Peniculi“
694 2145 737 2199 ait
770 2141 849 2200 Fert.
880 2141 934 2219 Ep.
964 2162 993 2218 p.
1024 2143 1083 2200 208
1120 2145 1271 2218 ,spongias
1305 2144 1397 2217 longa

284 2252 410 2324 proptor
432 2245 650 2302 similitudinem
675 2243 832 2302 caudarum
857 2244 1059 2321 appellantur3
1088 2263 1178 2320 penes
1193 2245 1288 2302 'enim
1313 2265 1396 2302 voee-
1479 2227 1480 2246 .

284 2346 394 2405 bantur
416 2343 546 2404 oaudoe“.
598 2346 660 2404 Hoc
688 2345 806 2424 quidem
830 2365 867 2403 ex
889 2345 1020 2404 Ciceron.
1045 2345 1083 2404 ad
1105 2345 1188 2404 Fam.
1211 2345 1265 2416 IX,
1290 2349 1341 2418 22,
1366 2349 1396 2404 2:

288 2448 437 2522 ,Ceudam
462 2451 577 2524 antiqui
598 2467 701 2524 ponem
725 2447 886 2519 vorabant,
921 2467 956 2504 ex
984 2467 1043 2524 qno
1074 2453 1118 2506 est
1145 2455 1272 2525 propter
1295 2449 1397 2506 simili·
1479 2479 1480 2482 =

285 2549 417 2609 tudinem
440 2546 627 2626 penicillus“.
672 2549 780 2606 Verum
803 2569 861 2607 non
885 2549 1048 2608 similitudo
1070 2549 1164 2607 solum
1188 2551 1318 2626 qnoesita
1339 2556 1398 2622 est,
1479 2611 1480 2626 ,

284 2653 436 2731 peniculus
460 2659 504 2710 sst
526 2651 709 2710 deminutivn
731 2651 824 2709 forms
847 2655 926 2710 vonis
949 2672 977 2728 q.
998 2671 1023 2712 e.
1046 2655 1139 2730 penis,
1162 2657 1196 2708 ut
1219 2669 1277 2710 non
1301 2659 1398 2709 truns-
1479 2715 1480 2736 χ

284 2755 345 2812 leta
366 2754 418 2812 sed
439 2755 559 2831 propris
583 2755 612 2810 vi
634 2753 766 2828 penicilli
790 2753 861 2810 dicti
884 2756 952 2827 sint,
983 2753 1090 2830 quibus
1113 2759 1237 2810 utuntur
1259 2754 1396 2830 pistores,

284 2859 336 2934 qui
359 2877 395 2913 ex
422 2856 492 2934 pilis
520 2856 664 2912 antestis
693 2854 761 2912 laeti
784 2862 867 2926 sunt,
903 2875 930 2914 v.
953 2855 1030 2913 Plin.
1054 2855 1090 2914 H.
1114 2855 1149 2913 N.
1172 2853 1318 2928 XXVIII,
1351 2859 1397 2928 l'i,

285 2961 340 3031 71,
365 2959 435 3017 235.
491 2957 654 3033 Postquam
682 2955 719 3014 ad
749 2956 976 3030 abstergendum
1006 2959 1136 3034 spongiis
1164 2959 1208 3014 uti
1238 2963 1397 3035 ooeperunt,

283 3062 330 3119 his
353 3079 469 3137 quoque
491 3058 637 3137 penicillis
660 3077 765 3116 nomen
787 3058 914 3116 inditum
938 3065 991 3118 est.
1042 3058 1122 3116 Talis
1144 3059 1172 3116 h.
1196 3058 1216 3115 l.
1240 3057 1396 3132 significare·

283 3163 410 3233 videtur,
434 3165 503 3220 item
522 3159 855 3220 interessentes.
901 3159 1086 3220 Rud.1008:
1115 3159 1197 3236 ,Ego
1214 3161 1273 3218 iam
1294 3160 1395 3232 hieto,

281 3263 384 3324 itidem
401 3259 487 3340 quusi
505 3262 658 3339 penioulns
675 3281 767 3321 nouos
784 3265 923 3337 exurgeri
935 3263 1021 3335 solet,
1040 3261 1078 3320 Ni
1090 3261 1166 3320 huno
1178 3263 1299 3334 amittis,
1313 3282 1396 3320 exur-

282 3366 359 3442 gebo
383 3363 526 3441 quidquid
549 3364 680 3423 humoris
698 3361 813 3423 tibist“.
858 3364 925 3423 Tar.
943 3364 1019 3423 Eun.
1039 3366 1113 3422 tlt:
1141 3362 1258 3438 „Quies
1281 3367 1395 3440 ignaue,

170 3477 173 3484 '
282 3469 440 3547 peniculon
463 3487 602 3544 pugnare,
626 3467 677 3542 qui
699 3468 789 3524 istum
812 3466 869 3525 huo
891 3473 1001 3544 portes,
1024 3465 1159 3540 cogitas?
1192 3465 1237 3524 SA
1258 3468 1395 3542 ....qni

284 3571 485 3646 abstergerem
506 3565 659 3628 uolnsrs“.
710 3566 851 3626 Columel.
874 3567 945 3641 XII,
973 3571 1019 3641 18,
1045 3571 1076 3625 5:
1114 3568 1275 3645 „penicillo
1298 3569 1396 3626 deter-

183 3658 187 3666 ⁴
284 3670 394 3749 gitur“.
444 3672 520 3729 Plin.
535 3669 570 3728 H.
583 3670 617 3730 N.
630 3669 682 3743 IX,
701 3673 751 3742 45,
771 3671 819 3740 69,
846 3671 920 3729 148:
954 3670 1168 3748 „spongiarum
1191 3686 1285 3744 genus
1308 3676 1396 3729 tenue

284 3775 472 3851 densumque,
496 3793 533 3831 ex
549 3792 608 3850 qno
625 3767 790 3850 penicilli“.
807 3763 970 3844 idjxxxl,
993 3773 1105 3845 11,47‚
1121 3773 1189 3830 125.
1204 3799 1245 3812 -
1256 3771 1395 3832 Pluribus

284 3881 383 3936 autem
416 3876 453 3935 de
485 3875 540 3934 hoo
574 3879 692 3934 nomine
725 3876 890 3952 parasitum
924 3875 1094 3933 Plautinum
1132 3873 1302 3951 disputasse
1334 3877 1396 3934 veri

284 3980 379 4039 simile
402 3983 461 4050 est,
491 3951 543 4036 nee
566 3979 713 4036 immerito
736 3976 848 4035 Ritsolu
872 3983 904 4035 et
925 3977 1005 4035 Brix.
1027 3982 1097 4053 post
1118 3997 1146 4034 v.
1171 3979 1209 4035 78
1232 3996 1293 4035 non
1315 3977 1396 4035 nulls

283 4081 444 4139 desiderari
466 4083 619 4158 putarunt.

369 4183 503 4241 79—95.
538 4181 681 4239 Homines
713 4200 772 4239 non
806 4183 917 4240 cetenis
951 4179 1003 4239 sed
1030 4182 1096 4240 eibo
1126 4181 1298 4240 vinciendos
1332 4200 1394 4238 esse

283 4283 376 4344 donet.
408 4313 449 4324 -
479 4285 529 4343 82.
559 4283 632 4340 Post
654 4273 740 4341 Nam
760 4284 875 4357 hiatus;
908 4284 997 4359 vulgo
1019 4302 1084 4341 oum
1107 4281 1185 4341 Cam.
1212 4279 1392 4360 „Namque“.
