2976 5018
562 397 728 453 Cistellaria.

541 588 739 654 Melaenis

532 829 753 913 Lampadio

165 938 252 1016 Quid
275 941 387 1022 negoti
410 940 485 1004 est?
507 959 581 1004 nam
606 947 787 1022 occupatus
811 959 883 1004 sum
906 938 1069 1020 ampliter.

546 1093 744 1158 Melaenis

85 1200 163 1277 Quis
185 1204 264 1268 istie
286 1201 438 1267 habitat?

532 1355 755 1440 Lampadio

486 1465 656 1548 Demipho,
681 1465 831 1530 dominus
853 1485 954 1529 meus.

545 1619 748 1684 Melaenis

87 1723 211 1813 Nempe
233 1729 309 1795 istie
332 1737 393 1807 est,
416 1729 472 1813 qui
496 1728 740 1792 Alcesimarcho
763 1725 864 1792 filiam

87 1834 185 1901 Suam
207 1837 384 1922 despondit
405 1839 439 1901 in
462 1836 598 1902 diuitias
622 1837 815 1902 maxumas?

537 1989 756 2074 Lampadio

88 2095 119 2162 ls
139 2099 256 2183 ipsust.

548 2241 749 2309 Melaenis

293 2350 365 2416 Eho
387 2359 435 2431 tu,
457 2373 557 2435 quam
580 2372 639 2416 uos
662 2353 764 2432 igitur
786 2351 887 2416 filium

89 2455 180 2524 Nune
202 2461 399 2542 quaeritatis
422 2459 582 2526 alteram?

533 2612 757 2698 Lampadio

619 2722 689 2805 Ego
713 2723 821 2788 dioam
842 2724 920 2789 tibi:

90 2827 160 2894 Non
183 2855 222 2896 ex
243 2853 347 2896 uxore
369 2838 491 2912 natam,
514 2833 626 2896 uxoris
648 2831 757 2896 filiam.

550 3008 748 3074 Melaenis

93 3111 176 3190 Quid
196 3117 285 3182 istue
308 3123 360 3181 est
381 3116 496 3183 uerbi?

539 3270 758 3355 Lampadio

532 3379 582 3444 Ex
605 3383 713 3462 priore
737 3381 874 3446 muliere

94 3485 185 3569 Nata,
207 3490 353 3572 inquam,
377 3509 448 3552 meo
471 3508 528 3554 ero
550 3487 618 3553 filia
641 3498 700 3554 est.

549 3665 746 3732 Melaenis

746 3773 843 3839 Certo
868 3775 964 3839 modo
1161 3797 1215 3848 440

96 3879 205 3960 Huius,
228 3903 315 3968 quae
337 3882 449 3948 loouta
471 3895 532 3962 est,
555 3903 713 3965 quaerere
736 3883 828 3948 aibas
851 3882 962 3948 filiam.

175 4124 225 4176 433
242 4121 315 4176 istae
333 4119 381 4175 ffl
444 4121 576 4189 daphimo
594 4122 641 4175 ΙΕ
709 4124 761 4175 434
780 4120 1002 4176 elohesimaroho
1020 4121 1087 4190 ΒΕ,
1108 4123 1213 4177 sehesi-

98 4208 218 4262 marooI
265 4206 540 4275 saedispondieBn‘
595 4208 789 4275 436ipsnsest
831 4209 873 4261 Eo
885 4206 944 4261 ΒΕ
990 4210 1042 4261 437
1052 4209 1170 4262 deiciam
1180 4209 1213 4278 B,

100 4290 200 4347 demam
219 4293 250 4347 Ε
316 4295 367 4346 439
385 4293 480 4346 uerbis
498 4292 555 4346 ΒΕ
622 4295 674 4346 440
692 4303 735 4346 est
753 4291 811 4347 filia
828 4291 886 4346 BE
971 4297 1020 4348 441
1041 4295 1135 4349 aiebas
