<?xml version="1.0" encoding="UTF-8"?>
<!DOCTYPE html PUBLIC "-//W3C//DTD XHTML 1.0 Transitional//EN"
    "http://www.w3.org/TR/xhtml1/DTD/xhtml1-transitional.dtd">
<html xmlns="http://www.w3.org/1999/xhtml" xml:lang="en" lang="en">
 <head>
  <title>
</title>
<meta http-equiv="Content-Type" content="text/html;charset=utf-8" />
  <meta name='ocr-system' content='tesseract 3.04.00' />
  <meta name='ocr-capabilities' content='ocr_page ocr_carea ocr_par ocr_line ocrx_word'/>
</head>
<body>
  <div class='ocr_page' id='page_1' title='image "./tmacciiplautico03ussigoog_0364.png"; bbox 0 0 3030 5022; ppageno 0'>
   <div class='ocr_carea' id='block_1_1' title="bbox 118 349 776 446">
    <p class='ocr_par' dir='ltr' id='par_1_1' title="bbox 118 349 776 446">
     <span class='ocr_line' id='line_1_1' title="bbox 118 349 776 446; baseline 0 -14"><span class='ocrx_word' id='word_1_1' title='bbox 118 377 317 446; x_wconf 69' lang='lat' dir='ltr'>mem-eo</span> <span class='ocrx_word' id='word_1_2' title='bbox 417 349 426 366; x_wconf 87' lang='lat'><em>&#39;</em></span> <span class='ocrx_word' id='word_1_3' title='bbox 595 377 776 432; x_wconf 61' lang='lat' dir='ltr'>meelate.</span> 
     </span>
    </p>
   </div>
   <div class='ocr_carea' id='block_1_2' title="bbox 119 565 1050 850">
    <p class='ocr_par' dir='ltr' id='par_1_2' title="bbox 119 565 1050 850">
     <span class='ocr_line' id='line_1_2' title="bbox 633 565 740 632; baseline -0.009 0"><span class='ocrx_word' id='word_1_4' title='bbox 633 565 740 632; x_wconf 82' lang='lat' dir='ltr'>Simo</span> 
     </span>
     <span class='ocr_line' id='line_1_3' title="bbox 544 673 1050 742; baseline 0.012 -5"><span class='ocrx_word' id='word_1_5' title='bbox 544 701 554 724; x_wconf 66' lang='grc' dir='ltr'><strong><em>ο</em></strong></span> <span class='ocrx_word' id='word_1_6' title='bbox 680 673 821 742; x_wconf 89' lang='lat' dir='ltr'><strong>Promisi</strong></span> <span class='ocrx_word' id='word_1_7' title='bbox 843 673 942 742; x_wconf 81' lang='lat' dir='ltr'>fores.</span> <span class='ocrx_word' id='word_1_8' title='bbox 1042 685 1050 699; x_wconf 88' lang='grc'><em>·</em></span> 
     </span>
     <span class='ocr_line' id='line_1_4' title="bbox 119 781 813 850; baseline 0 -2"><span class='ocrx_word' id='word_1_9' title='bbox 119 781 171 848; x_wconf 84' lang='lat' dir='ltr'>Ad</span> <span class='ocrx_word' id='word_1_10' title='bbox 194 802 310 848; x_wconf 77' lang='lat' dir='ltr'>cenem</span> <span class='ocrx_word' id='word_1_11' title='bbox 332 803 374 848; x_wconf 87' lang='lat' dir='ltr'>ne</span> <span class='ocrx_word' id='word_1_12' title='bbox 397 803 448 848; x_wconf 92' lang='lat' dir='ltr'>me</span> <span class='ocrx_word' id='word_1_13' title='bbox 470 789 504 848; x_wconf 78' lang='lat' dir='ltr'>te</span> <span class='ocrx_word' id='word_1_14' title='bbox 526 803 647 850; x_wconf 84' lang='lat' dir='ltr'>uooere</span> <span class='ocrx_word' id='word_1_15' title='bbox 670 804 813 849; x_wconf 81' lang='lat' dir='ltr'>censeas.</span> 
     </span>
    </p>
   </div>
   <div class='ocr_carea' id='block_1_3' title="bbox 118 923 1098 1441">
    <p class='ocr_par' dir='ltr' id='par_1_3' title="bbox 118 923 1098 1441">
     <span class='ocr_line' id='line_1_5' title="bbox 529 923 844 1009; baseline 0 -19"><span class='ocrx_word' id='word_1_16' title='bbox 529 923 844 1009; x_wconf 78' lang='lat' dir='ltr'>Theopropides</span> 
     </span>
     <span class='ocr_line' id='line_1_6' title="bbox 119 1031 521 1117; baseline -0.005 -19"><span class='ocrx_word' id='word_1_17' title='bbox 119 1031 220 1098; x_wconf 82' lang='lat' dir='ltr'>Haud</span> <span class='ocrx_word' id='word_1_18' title='bbox 242 1031 373 1116; x_wconf 84' lang='lat' dir='ltr'>postulo</span> <span class='ocrx_word' id='word_1_19' title='bbox 397 1032 521 1117; x_wconf 81' lang='lat' dir='ltr'>edepol.</span> 
     </span>
     <span class='ocr_line' id='line_1_7' title="bbox 627 1137 808 1208; baseline 0 -1"><span class='ocrx_word' id='word_1_20' title='bbox 627 1141 733 1208; x_wconf 89' lang='lat' dir='ltr'>Simo</span> <span class='ocrx_word' id='word_1_21' title='bbox 805 1137 808 1143; x_wconf 72' lang='grc'><strong>’</strong></span> 
     </span>
     <span class='ocr_line' id='line_1_8' title="bbox 574 1247 1098 1334; baseline 0.002 -20"><span class='ocrx_word' id='word_1_22' title='bbox 574 1247 696 1314; x_wconf 83' lang='lat' dir='ltr'>Uerum</span> <span class='ocrx_word' id='word_1_23' title='bbox 719 1270 802 1329; x_wconf 83' lang='lat' dir='ltr'>ores,</span> <span class='ocrx_word' id='word_1_24' title='bbox 826 1251 888 1315; x_wconf 87' lang='lat' dir='ltr'>nisi</span> <span class='ocrx_word' id='word_1_25' title='bbox 912 1251 983 1330; x_wconf 70' lang='lat' dir='ltr'>quis</span> <span class='ocrx_word' id='word_1_26' title='bbox 1005 1250 1098 1334; x_wconf 89' lang='lat' dir='ltr'>prius</span> 
     </span>
     <span class='ocr_line' id='line_1_9' title="bbox 118 1355 820 1441; baseline -0.003 -17"><span class='ocrx_word' id='word_1_27' title='bbox 118 1357 301 1424; x_wconf 84' lang='lat' dir='ltr'>Uooeuerit</span> <span class='ocrx_word' id='word_1_28' title='bbox 323 1378 384 1437; x_wconf 88' lang='lat' dir='ltr'>me,</span> <span class='ocrx_word' id='word_1_29' title='bbox 406 1355 460 1423; x_wconf 88' lang='lat' dir='ltr'>uel</span> <span class='ocrx_word' id='word_1_30' title='bbox 481 1356 571 1441; x_wconf 80' lang='lat' dir='ltr'>opud</span> <span class='ocrx_word' id='word_1_31' title='bbox 592 1364 627 1422; x_wconf 84' lang='lat' dir='ltr'>te</span> <span class='ocrx_word' id='word_1_32' title='bbox 650 1377 820 1423; x_wconf 87' lang='lat' dir='ltr'>oeneuero.</span> 
     </span>
    </p>
   </div>
   <div class='ocr_carea' id='block_1_4' title="bbox 116 1499 1245 1800">
    <p class='ocr_par' dir='ltr' id='par_1_4' title="bbox 116 1499 1245 1800">
     <span class='ocr_line' id='line_1_10' title="bbox 529 1499 1180 1592; baseline 0 -26"><span class='ocrx_word' id='word_1_33' title='bbox 529 1499 840 1584; x_wconf 75' lang='lat' dir='ltr'>Theopropides</span> <span class='ocrx_word' id='word_1_34' title='bbox 880 1579 884 1584; x_wconf 27' lang='lat'>¹</span> <span class='ocrx_word' id='word_1_35' title='bbox 1172 1575 1180 1592; x_wconf 48' lang='lat'><strong>·</strong></span> 
     </span>
     <span class='ocr_line' id='line_1_11' title="bbox 118 1606 1245 1693; baseline 0.004 -21"><span class='ocrx_word' id='word_1_36' title='bbox 118 1607 169 1672; x_wconf 88' lang='lat' dir='ltr'>Ne</span> <span class='ocrx_word' id='word_1_37' title='bbox 192 1607 277 1672; x_wconf 80' lang='lat' dir='ltr'>istoc</span> <span class='ocrx_word' id='word_1_38' title='bbox 300 1607 432 1693; x_wconf 90' lang='lat' dir='ltr'>quidem</span> <span class='ocrx_word' id='word_1_39' title='bbox 455 1607 573 1693; x_wconf 84' lang='lat' dir='ltr'>edepol</span> <span class='ocrx_word' id='word_1_40' title='bbox 596 1607 735 1693; x_wconf 86' lang='lat' dir='ltr'>postulo.</span> <span class='ocrx_word' id='word_1_41' title='bbox 780 1607 854 1674; x_wconf 89' lang='lat' dir='ltr'>Nisi</span> <span class='ocrx_word' id='word_1_42' title='bbox 876 1606 957 1691; x_wconf 87' lang='lat' dir='ltr'>quid</span> <span class='ocrx_word' id='word_1_43' title='bbox 979 1608 1082 1690; x_wconf 70' lang='lat' dir='ltr'>magis</span> <span class='ocrx_word' id='word_1_44' title='bbox 1171 1623 1245 1677; x_wconf 67' lang='lat' dir='ltr'>v990</span> 
     </span>
     <span class='ocr_line' id='line_1_12' title="bbox 116 1715 715 1800; baseline 0.002 -20"><span class='ocrx_word' id='word_1_45' title='bbox 116 1715 162 1780; x_wconf 88' lang='lat' dir='ltr'>Es</span> <span class='ocrx_word' id='word_1_46' title='bbox 186 1721 379 1800; x_wconf 83' lang='lat' dir='ltr'>oooupetus,</span> <span class='ocrx_word' id='word_1_47' title='bbox 403 1735 537 1800; x_wconf 79' lang='lat' dir='ltr'>operam</span> <span class='ocrx_word' id='word_1_48' title='bbox 560 1715 640 1781; x_wconf 92' lang='lat' dir='ltr'>mihi</span> <span class='ocrx_word' id='word_1_49' title='bbox 663 1717 715 1781; x_wconf 83' lang='lat' dir='ltr'>de.</span> 
     </span>
    </p>
   </div>
   <div class='ocr_carea' id='block_1_5' title="bbox 628 1855 922 2032">
    <p class='ocr_par' dir='ltr' id='par_1_5' title="bbox 628 1855 922 2032">
     <span class='ocr_line' id='line_1_13' title="bbox 628 1855 739 1923; baseline -0.009 0"><span class='ocrx_word' id='word_1_50' title='bbox 628 1855 739 1923; x_wconf 77' lang='lat' dir='ltr'>Simo</span> 
     </span>
     <span class='ocr_line' id='line_1_14' title="bbox 759 1965 922 2032; baseline 0 0"><span class='ocrx_word' id='word_1_51' title='bbox 759 1965 922 2032; x_wconf 82' lang='lat' dir='ltr'>Maxume.</span> 
     </span>
    </p>
   </div>
   <div class='ocr_carea' id='block_1_6' title="bbox 116 2106 1203 2646">
    <p class='ocr_par' dir='ltr' id='par_1_6' title="bbox 116 2106 1203 2646">
     <span class='ocr_line' id='line_1_15' title="bbox 532 2106 840 2193; baseline 0.003 -22"><span class='ocrx_word' id='word_1_52' title='bbox 532 2106 840 2193; x_wconf 83' lang='lat' dir='ltr'>Theopropides</span> 
     </span>
     <span class='ocr_line' id='line_1_16' title="bbox 117 2214 910 2300; baseline 0 -20"><span class='ocrx_word' id='word_1_53' title='bbox 117 2214 226 2280; x_wconf 80' lang='lat' dir='ltr'>Minas</span> <span class='ocrx_word' id='word_1_54' title='bbox 252 2215 474 2300; x_wconf 75' lang='lat' dir='ltr'>quadraginta</span> <span class='ocrx_word' id='word_1_55' title='bbox 495 2217 663 2300; x_wconf 72' lang='lat' dir='ltr'>eoeepisti</span> <span class='ocrx_word' id='word_1_56' title='bbox 688 2216 776 2300; x_wconf 89' lang='lat' dir='ltr'>quod</span> <span class='ocrx_word' id='word_1_57' title='bbox 799 2217 910 2294; x_wconf 83' lang='lat' dir='ltr'>eciem,</span> 
     </span>
     <span class='ocr_line' id='line_1_17' title="bbox 116 2321 403 2390; baseline 0.003 -2"><span class='ocrx_word' id='word_1_58' title='bbox 116 2325 146 2388; x_wconf 80' lang='lat' dir='ltr'>A</span> <span class='ocrx_word' id='word_1_59' title='bbox 168 2321 403 2390; x_wconf 82' lang='lat' dir='ltr'>Philolachete.</span> 
     </span>
     <span class='ocr_line' id='line_1_18' title="bbox 629 2431 732 2497; baseline 0.01 -1"><span class='ocrx_word' id='word_1_60' title='bbox 629 2431 732 2497; x_wconf 92' lang='lat' dir='ltr'>Simo</span> 
     </span>
     <span class='ocr_line' id='line_1_19' title="bbox 464 2539 1203 2646; baseline 0 -42"><span class='ocrx_word' id='word_1_61' title='bbox 464 2539 649 2624; x_wconf 79' lang='lat' dir='ltr'><strong>Numquam</strong></span> <span class='ocrx_word' id='word_1_62' title='bbox 672 2561 849 2617; x_wconf 88' lang='lat' dir='ltr'><strong>nummum,</strong></span> <span class='ocrx_word' id='word_1_63' title='bbox 874 2539 961 2623; x_wconf 90' lang='lat' dir='ltr'>quod</span> <span class='ocrx_word' id='word_1_64' title='bbox 985 2541 1097 2605; x_wconf 80' lang='lat' dir='ltr'>seiam.</span> <span class='ocrx_word' id='word_1_65' title='bbox 1195 2627 1203 2646; x_wconf 43' lang='grc' dir='ltr'><em>Ι</em></span> 
     </span>
    </p>
   </div>
   <div class='ocr_carea' id='block_1_7' title="bbox 120 2657 839 2868">
    <p class='ocr_par' dir='ltr' id='par_1_7' title="bbox 120 2657 839 2868">
     <span class='ocr_line' id='line_1_20' title="bbox 420 2657 839 2769; baseline 0 -22"><span class='ocrx_word' id='word_1_66' title='bbox 420 2731 427 2747; x_wconf 93' lang='grc'><strong><em>.</em></strong></span> <span class='ocrx_word' id='word_1_67' title='bbox 501 2684 504 2690; x_wconf 82' lang='lat'>&#39;</span> <span class='ocrx_word' id='word_1_68' title='bbox 529 2657 839 2769; x_wconf 82' lang='lat' dir='ltr'>Theopropides</span> 
     </span>
     <span class='ocr_line' id='line_1_21' title="bbox 120 2787 586 2868; baseline 0.004 -14"><span class='ocrx_word' id='word_1_69' title='bbox 120 2787 215 2868; x_wconf 85' lang='lat' dir='ltr'>Quid,</span> <span class='ocrx_word' id='word_1_70' title='bbox 240 2809 261 2853; x_wconf 86' lang='lat' dir='ltr'>e</span> <span class='ocrx_word' id='word_1_71' title='bbox 283 2787 445 2855; x_wconf 80' lang='lat' dir='ltr'>Tranione</span> <span class='ocrx_word' id='word_1_72' title='bbox 468 2790 586 2856; x_wconf 83' lang='lat' dir='ltr'>seruo?</span> 
     </span>
    </p>
   </div>
   <div class='ocr_carea' id='block_1_8' title="bbox 594 2914 1064 3088">
    <p class='ocr_par' dir='ltr' id='par_1_8' title="bbox 594 2914 1064 3088">
     <span class='ocr_line' id='line_1_22' title="bbox 594 2914 735 2980; baseline 0.043 -6"><span class='ocrx_word' id='word_1_73' title='bbox 594 2967 596 2974; x_wconf 88' lang='grc'><em>,</em></span> <span class='ocrx_word' id='word_1_74' title='bbox 629 2914 735 2980; x_wconf 87' lang='lat' dir='ltr'>Simo</span> 
     </span>
     <span class='ocr_line' id='line_1_23' title="bbox 640 3021 1064 3088; baseline 0 0"><span class='ocrx_word' id='word_1_75' title='bbox 640 3021 745 3088; x_wconf 84' lang='lat' dir='ltr'>Multo</span> <span class='ocrx_word' id='word_1_76' title='bbox 768 3022 870 3088; x_wconf 80' lang='lat' dir='ltr'>hercle</span> <span class='ocrx_word' id='word_1_77' title='bbox 891 3022 925 3088; x_wconf 95' lang='lat' dir='ltr'>id</span> <span class='ocrx_word' id='word_1_78' title='bbox 947 3024 1064 3088; x_wconf 87' lang='lat' dir='ltr'>minus.</span> 
     </span>
    </p>
   </div>
   <div class='ocr_carea' id='block_1_9' title="bbox 80 3165 935 3612">
    <p class='ocr_par' dir='ltr' id='par_1_9' title="bbox 80 3165 840 3368">
     <span class='ocr_line' id='line_1_24' title="bbox 531 3165 840 3250; baseline 0 -18"><span class='ocrx_word' id='word_1_79' title='bbox 531 3165 840 3250; x_wconf 86' lang='lat' dir='ltr'>Theopropides</span> 
     </span>
     <span class='ocr_line' id='line_1_25' title="bbox 80 3269 614 3368; baseline 0.007 -34"><span class='ocrx_word' id='word_1_80' title='bbox 80 3359 84 3368; x_wconf 36' lang='grc' dir='ltr'>Ι</span> <span class='ocrx_word' id='word_1_81' title='bbox 120 3269 211 3348; x_wconf 81' lang='lat' dir='ltr'>Ques</span> <span class='ocrx_word' id='word_1_82' title='bbox 235 3270 392 3368; x_wconf 76' lang='lat' dir='ltr'>arraboni</span> <span class='ocrx_word' id='word_1_83' title='bbox 413 3273 477 3338; x_wconf 83' lang='lat' dir='ltr'>tibi</span> <span class='ocrx_word' id='word_1_84' title='bbox 499 3272 614 3338; x_wconf 78' lang='lat' dir='ltr'>dedii?</span> 
     </span>
    </p>

    <p class='ocr_par' dir='ltr' id='par_1_10' title="bbox 511 3391 935 3612">
     <span class='ocr_line' id='line_1_26' title="bbox 511 3391 853 3475; baseline 0.009 -2"><span class='ocrx_word' id='word_1_85' title='bbox 511 3391 514 3400; x_wconf 50' lang='lat'><strong>¹</strong></span> <span class='ocrx_word' id='word_1_86' title='bbox 630 3409 734 3475; x_wconf 90' lang='lat' dir='ltr'>Simo</span> <span class='ocrx_word' id='word_1_87' title='bbox 850 3442 853 3449; x_wconf 94' lang='lat'>·</span> 
     </span>
     <span class='ocr_line' id='line_1_27' title="bbox 660 3516 935 3612; baseline 0 -30"><span class='ocrx_word' id='word_1_88' title='bbox 660 3516 746 3612; x_wconf 75' lang='lat' dir='ltr'>Quid</span> <span class='ocrx_word' id='word_1_89' title='bbox 770 3518 935 3584; x_wconf 80' lang='lat' dir='ltr'>somnies?</span> 
     </span>
    </p>
   </div>
   <div class='ocr_carea' id='block_1_10' title="bbox 120 3658 1065 3852">
    <p class='ocr_par' dir='ltr' id='par_1_11' title="bbox 120 3658 1065 3852">
     <span class='ocr_line' id='line_1_28' title="bbox 532 3658 845 3743; baseline 0.006 -20"><span class='ocrx_word' id='word_1_90' title='bbox 532 3658 845 3743; x_wconf 87' lang='lat' dir='ltr'>Theopropides</span> 
     </span>
     <span class='ocr_line' id='line_1_29' title="bbox 120 3765 1065 3852; baseline 0.003 -22"><span class='ocrx_word' id='word_1_91' title='bbox 120 3765 257 3848; x_wconf 80' lang='lat' dir='ltr'>Egone?</span> <span class='ocrx_word' id='word_1_92' title='bbox 301 3765 344 3832; x_wconf 76' lang='lat' dir='ltr'>At</span> <span class='ocrx_word' id='word_1_93' title='bbox 367 3765 499 3849; x_wconf 89' lang='lat' dir='ltr'>quidem</span> <span class='ocrx_word' id='word_1_94' title='bbox 521 3771 567 3847; x_wconf 82' lang='lat' dir='ltr'>tu,</span> <span class='ocrx_word' id='word_1_95' title='bbox 590 3769 646 3852; x_wconf 89' lang='lat' dir='ltr'>qui</span> <span class='ocrx_word' id='word_1_96' title='bbox 669 3769 753 3834; x_wconf 81' lang='lat' dir='ltr'>istoo</span> <span class='ocrx_word' id='word_1_97' title='bbox 776 3775 810 3832; x_wconf 86' lang='lat' dir='ltr'>te</span> <span class='ocrx_word' id='word_1_98' title='bbox 832 3787 945 3852; x_wconf 84' lang='lat' dir='ltr'>speres</span> <span class='ocrx_word' id='word_1_99' title='bbox 968 3767 1065 3834; x_wconf 92' lang='lat' dir='ltr'>modo</span> 
     </span>
    </p>
   </div>
   <div class='ocr_carea' id='block_1_11' title="bbox 119 4001 1248 4329">
    <p class='ocr_par' dir='ltr' id='par_1_12' title="bbox 119 4001 1248 4329">
     <span class='ocr_line' id='line_1_30' title="bbox 203 4001 1248 4074; baseline 0.002 -18"><span class='ocrx_word' id='word_1_100' title='bbox 203 4003 256 4057; x_wconf 86' lang='grc'>986</span> <span class='ocrx_word' id='word_1_101' title='bbox 279 4001 320 4057; x_wconf 90' lang='lat' dir='ltr'>SI.</span> <span class='ocrx_word' id='word_1_102' title='bbox 341 4019 390 4058; x_wconf 74' lang='lat' dir='ltr'>orm</span> <span class='ocrx_word' id='word_1_103' title='bbox 478 4005 529 4057; x_wconf 83' lang='grc'>987</span> <span class='ocrx_word' id='word_1_104' title='bbox 553 4009 602 4059; x_wconf 78' lang='lat' dir='ltr'>tue</span> <span class='ocrx_word' id='word_1_105' title='bbox 688 4005 740 4059; x_wconf 84' lang='grc'>988</span> <span class='ocrx_word' id='word_1_106' title='bbox 762 4004 802 4059; x_wconf 91' lang='lat' dir='ltr'>Sl.</span> <span class='ocrx_word' id='word_1_107' title='bbox 821 4003 904 4059; x_wconf 70' lang='lat' dir='ltr'>Haud</span> <span class='ocrx_word' id='word_1_108' title='bbox 920 4005 1039 4074; x_wconf 82' lang='lat' dir='ltr'>postulo.</span> <span class='ocrx_word' id='word_1_109' title='bbox 1067 4001 1124 4058; x_wconf 86' lang='grc' dir='ltr'>ΤΗ.</span> <span class='ocrx_word' id='word_1_110' title='bbox 1144 4003 1248 4074; x_wconf 85' lang='lat' dir='ltr'>edepol</span> 
     </span>
     <span class='ocr_line' id='line_1_31' title="bbox 122 4087 1178 4160; baseline 0.003 -19"><span class='ocrx_word' id='word_1_111' title='bbox 122 4105 217 4143; x_wconf 86' lang='lat' dir='ltr'>oerum</span> <span class='ocrx_word' id='word_1_112' title='bbox 234 4087 262 4141; x_wconf 99' lang='grc' dir='ltr'><strong><em>Β</em></strong></span> <span class='ocrx_word' id='word_1_113' title='bbox 338 4089 400 4157; x_wconf 82' lang='lat' dir='ltr'>quis</span> <span class='ocrx_word' id='word_1_114' title='bbox 418 4105 468 4144; x_wconf 86' lang='lat' dir='ltr'>om.</span> <span class='ocrx_word' id='word_1_115' title='bbox 530 4091 581 4144; x_wconf 90' lang='grc'>990</span> <span class='ocrx_word' id='word_1_116' title='bbox 598 4091 652 4144; x_wconf 83' lang='lat' dir='ltr'>isle</span> <span class='ocrx_word' id='word_1_117' title='bbox 730 4092 778 4144; x_wconf 88' lang='grc'>991</span> <span class='ocrx_word' id='word_1_118' title='bbox 799 4089 841 4144; x_wconf 90' lang='lat' dir='ltr'>SI.</span> <span class='ocrx_word' id='word_1_119' title='bbox 861 4105 911 4144; x_wconf 84' lang='lat' dir='ltr'>om.</span> <span class='ocrx_word' id='word_1_120' title='bbox 990 4091 1041 4144; x_wconf 78' lang='grc'>999</span> <span class='ocrx_word' id='word_1_121' title='bbox 1058 4091 1178 4160; x_wconf 76' lang='lat' dir='ltr'>triginta</span> 
     </span>
     <span class='ocr_line' id='line_1_32' title="bbox 121 4173 1247 4245; baseline 0.004 -19"><span class='ocrx_word' id='word_1_122' title='bbox 121 4173 269 4244; x_wconf 76' lang='lat' dir='ltr'>accepistis</span> <span class='ocrx_word' id='word_1_123' title='bbox 286 4173 314 4226; x_wconf 91' lang='grc' dir='ltr'><strong><em>Β</em></strong></span> <span class='ocrx_word' id='word_1_124' title='bbox 391 4190 460 4243; x_wconf 76' lang='lat' dir='ltr'>quae</span> <span class='ocrx_word' id='word_1_125' title='bbox 479 4175 565 4230; x_wconf 84' lang='lat' dir='ltr'>eoiem</span> <span class='ocrx_word' id='word_1_126' title='bbox 583 4173 616 4241; x_wconf 88' lang='grc' dir='ltr'>Β,</span> <span class='ocrx_word' id='word_1_127' title='bbox 641 4173 825 4243; x_wconf 81' lang='lat' dir='ltr'>quesoiamO</span> <span class='ocrx_word' id='word_1_128' title='bbox 905 4177 956 4230; x_wconf 87' lang='grc'>999</span> <span class='ocrx_word' id='word_1_129' title='bbox 973 4191 1095 4245; x_wconf 80' lang='lat' dir='ltr'>nuquam</span> <span class='ocrx_word' id='word_1_130' title='bbox 1114 4193 1201 4230; x_wconf 86' lang='lat' dir='ltr'>numu</span> <span class='ocrx_word' id='word_1_131' title='bbox 1219 4175 1247 4229; x_wconf 90' lang='grc' dir='ltr'><strong><em>Β</em></strong></span> 
     </span>
     <span class='ocr_line' id='line_1_33' title="bbox 119 4256 1204 4329; baseline 0.004 -17"><span class='ocrx_word' id='word_1_132' title='bbox 119 4261 169 4313; x_wconf 84' lang='grc'>994</span> <span class='ocrx_word' id='word_1_133' title='bbox 187 4259 284 4314; x_wconf 80' lang='lat' dir='ltr'>herole</span> <span class='ocrx_word' id='word_1_134' title='bbox 302 4274 352 4314; x_wconf 69' lang='lat' dir='ltr'>ono</span> <span class='ocrx_word' id='word_1_135' title='bbox 371 4256 401 4326; x_wconf 81' lang='grc' dir='ltr'>Ο,</span> <span class='ocrx_word' id='word_1_136' title='bbox 420 4260 526 4314; x_wconf 74' lang='lat' dir='ltr'>laeum</span> <span class='ocrx_word' id='word_1_137' title='bbox 543 4261 665 4328; x_wconf 65' lang='lat' dir='ltr'>epatium</span> <span class='ocrx_word' id='word_1_138' title='bbox 683 4259 709 4312; x_wconf 94' lang='grc' dir='ltr'><strong><em>Β</em></strong></span> <span class='ocrx_word' id='word_1_139' title='bbox 777 4261 827 4314; x_wconf 88' lang='grc'>996</span> <span class='ocrx_word' id='word_1_140' title='bbox 848 4259 888 4314; x_wconf 86' lang='lat' dir='ltr'>Sl.</span> <span class='ocrx_word' id='word_1_141' title='bbox 910 4257 940 4315; x_wconf 78' lang='lat' dir='ltr'>&#39;al</span> <span class='ocrx_word' id='word_1_142' title='bbox 1009 4277 1105 4329; x_wconf 81' lang='lat' dir='ltr'>operes</span> <span class='ocrx_word' id='word_1_143' title='bbox 1124 4266 1153 4316; x_wconf 74' lang='lat' dir='ltr'>le</span> <span class='ocrx_word' id='word_1_144' title='bbox 1177 4261 1204 4316; x_wconf 73' lang='lat' dir='ltr'><strong><em>A</em></strong></span> 
     </span>
    </p>
   </div>
   <div class='ocr_carea' id='block_1_12' title="bbox 0 0 1520 5022">
    <p class='ocr_par' dir='ltr' id='par_1_13' title="bbox 0 0 1520 5022">
     <span class='ocr_line' id='line_1_34' title="bbox 0 0 1520 5022; baseline 0 0"><span class='ocrx_word' id='word_1_145' title='bbox 0 0 1520 5022; x_wconf 95' lang='lat' dir='ltr'> </span> 
     </span>
    </p>
   </div>
  </div>
 </body>
</html>
