<?xml version="1.0" encoding="UTF-8"?>
<!DOCTYPE html PUBLIC "-//W3C//DTD XHTML 1.0 Transitional//EN"
    "http://www.w3.org/TR/xhtml1/DTD/xhtml1-transitional.dtd">
<html xmlns="http://www.w3.org/1999/xhtml" xml:lang="en" lang="en">
 <head>
  <title>
</title>
<meta http-equiv="Content-Type" content="text/html;charset=utf-8" />
  <meta name='ocr-system' content='tesseract 3.04.00' />
  <meta name='ocr-capabilities' content='ocr_page ocr_carea ocr_par ocr_line ocrx_word'/>
</head>
<body>
  <div class='ocr_page' id='page_1' title='image "./tmacciiplautico03ussigoog_0194.png"; bbox 0 0 2976 5018; ppageno 0'>
   <div class='ocr_carea' id='block_1_1' title="bbox 590 363 1235 428">
    <p class='ocr_par' dir='ltr' id='par_1_1' title="bbox 590 363 1235 428">
     <span class='ocr_line' id='line_1_1' title="bbox 590 363 1235 428; baseline 0 -12"><span class='ocrx_word' id='word_1_1' title='bbox 590 363 621 416; x_wconf 88' lang='lat' dir='ltr'>v.</span> <span class='ocrx_word' id='word_1_2' title='bbox 640 365 766 418; x_wconf 73' lang='grc'><strong>96-141.</strong></span> <span class='ocrx_word' id='word_1_3' title='bbox 1176 368 1235 428; x_wconf 85' lang='lat'>183</span> 
     </span>
    </p>
   </div>
   <div class='ocr_carea' id='block_1_2' title="bbox 98 555 1311 1877">
    <p class='ocr_par' dir='ltr' id='par_1_2' title="bbox 98 555 1311 1877">
     <span class='ocr_line' id='line_1_2' title="bbox 103 555 1311 638; baseline -0.002 -20"><span class='ocrx_word' id='word_1_4' title='bbox 103 562 179 620; x_wconf 91' lang='grc'><strong>121.</strong></span> <span class='ocrx_word' id='word_1_5' title='bbox 218 555 304 636; x_wconf 69' lang='lat' dir='ltr'>Quies</span> <span class='ocrx_word' id='word_1_6' title='bbox 337 575 406 636; x_wconf 72' lang='lat'>8903</span> <span class='ocrx_word' id='word_1_7' title='bbox 438 566 507 638; x_wconf 88' lang='lat' dir='ltr'>post</span> <span class='ocrx_word' id='word_1_8' title='bbox 540 560 600 624; x_wconf 78' lang='lat' dir='ltr'>haec</span> <span class='ocrx_word' id='word_1_9' title='bbox 635 559 715 618; x_wconf 83' lang='lat' dir='ltr'>eliud</span> <span class='ocrx_word' id='word_1_10' title='bbox 745 559 868 618; x_wconf 82' lang='lat' dir='ltr'>verbum</span> <span class='ocrx_word' id='word_1_11' title='bbox 898 558 1142 636; x_wconf 76' lang='lat' dir='ltr'>exspectabatur,</span> <span class='ocrx_word' id='word_1_12' title='bbox 1177 578 1235 618; x_wconf 91' lang='lat' dir='ltr'>uon</span> <span class='ocrx_word' id='word_1_13' title='bbox 1304 609 1311 626; x_wconf 83' lang='lat'>,</span> 
     </span>
     <span class='ocr_line' id='line_1_3' title="bbox 102 659 1231 741; baseline -0.001 -20"><span class='ocrx_word' id='word_1_14' title='bbox 102 664 298 735; x_wconf 83' lang='lat' dir='ltr'>„collibitum</span> <span class='ocrx_word' id='word_1_15' title='bbox 323 669 370 721; x_wconf 88' lang='lat' dir='ltr'>est</span> <span class='ocrx_word' id='word_1_16' title='bbox 392 659 495 736; x_wconf 86' lang='lat' dir='ltr'>mihi“,</span> <span class='ocrx_word' id='word_1_17' title='bbox 519 664 555 721; x_wconf 83' lang='lat' dir='ltr'>cf.</span> <span class='ocrx_word' id='word_1_18' title='bbox 576 661 664 741; x_wconf 85' lang='lat' dir='ltr'>Epid.</span> <span class='ocrx_word' id='word_1_19' title='bbox 688 665 746 720; x_wconf 82' lang='lat'>168</span> <span class='ocrx_word' id='word_1_20' title='bbox 771 682 814 738; x_wconf 85' lang='lat' dir='ltr'>eq.</span> <span class='ocrx_word' id='word_1_21' title='bbox 837 683 904 721; x_wconf 86' lang='grc'><strong>666.</strong></span> <span class='ocrx_word' id='word_1_22' title='bbox 928 663 966 720; x_wconf 85' lang='lat' dir='ltr'>ed</span> <span class='ocrx_word' id='word_1_23' title='bbox 983 661 1090 720; x_wconf 78' lang='lat' dir='ltr'>Bacch.</span> <span class='ocrx_word' id='word_1_24' title='bbox 1110 665 1180 722; x_wconf 92' lang='grc'><strong>211.</strong></span> <span class='ocrx_word' id='word_1_25' title='bbox 1195 693 1231 702; x_wconf 76' lang='lat'>‹-</span> 
     </span>
     <span class='ocr_line' id='line_1_4' title="bbox 99 761 1233 842; baseline -0.004 -18"><span class='ocrx_word' id='word_1_26' title='bbox 99 762 183 842; x_wconf 79' lang='lat' dir='ltr'>quia</span> <span class='ocrx_word' id='word_1_27' title='bbox 206 782 280 826; x_wconf 77' lang='lat' dir='ltr'>sum</span> <span class='ocrx_word' id='word_1_28' title='bbox 302 764 417 825; x_wconf 78' lang='grc'><strong>61111616</strong></span> <span class='ocrx_word' id='word_1_29' title='bbox 439 766 510 825; x_wconf 89' lang='lat' dir='ltr'>olim</span> <span class='ocrx_word' id='word_1_30' title='bbox 533 766 732 824; x_wconf 82' lang='lat' dir='ltr'>emendatum.</span> <span class='ocrx_word' id='word_1_31' title='bbox 756 795 799 804; x_wconf 96' lang='lat'><em>-</em></span> <span class='ocrx_word' id='word_1_32' title='bbox 825 766 894 826; x_wconf 89' lang='grc'><strong>122.</strong></span> <span class='ocrx_word' id='word_1_33' title='bbox 917 761 1002 840; x_wconf 71' lang='lat' dir='ltr'>flore,</span> <span class='ocrx_word' id='word_1_34' title='bbox 1027 766 1062 824; x_wconf 84' lang='lat' dir='ltr'>ci.</span> <span class='ocrx_word' id='word_1_35' title='bbox 1082 764 1147 826; x_wconf 82' lang='lat' dir='ltr'>Ces.</span> <span class='ocrx_word' id='word_1_36' title='bbox 1161 767 1233 826; x_wconf 82' lang='lat'>615.</span> 
     </span>
     <span class='ocr_line' id='line_1_5' title="bbox 99 864 1233 946; baseline -0.001 -18"><span class='ocrx_word' id='word_1_37' title='bbox 99 901 144 910; x_wconf 90' lang='lat'>—-</span> <span class='ocrx_word' id='word_1_38' title='bbox 187 872 256 929; x_wconf 73' lang='lat'>12⁴.</span> <span class='ocrx_word' id='word_1_39' title='bbox 293 864 376 946; x_wconf 78' lang='lat' dir='ltr'>quod</span> <span class='ocrx_word' id='word_1_40' title='bbox 404 865 496 928; x_wconf 81' lang='grc'><strong>166116</strong></span> <span class='ocrx_word' id='word_1_41' title='bbox 525 866 690 939; x_wconf 70' lang='lat' dir='ltr'>esseest,</span> <span class='ocrx_word' id='word_1_42' title='bbox 726 890 752 928; x_wconf 85' lang='lat' dir='ltr'>v.</span> <span class='ocrx_word' id='word_1_43' title='bbox 785 867 822 925; x_wconf 78' lang='lat' dir='ltr'>ed</span> <span class='ocrx_word' id='word_1_44' title='bbox 850 867 958 945; x_wconf 85' lang='lat' dir='ltr'><strong>Amph.</strong></span> <span class='ocrx_word' id='word_1_45' title='bbox 989 869 1059 927; x_wconf 87' lang='lat'>500.</span> <span class='ocrx_word' id='word_1_46' title='bbox 1090 897 1132 908; x_wconf 89' lang='lat'>—</span> <span class='ocrx_word' id='word_1_47' title='bbox 1163 870 1233 929; x_wconf 77' lang='lat'>125.</span> 
     </span>
     <span class='ocr_line' id='line_1_6' title="bbox 100 968 1232 1048; baseline -0.001 -16"><span class='ocrx_word' id='word_1_48' title='bbox 100 968 205 1032; x_wconf 74' lang='lat' dir='ltr'>illanc</span> <span class='ocrx_word' id='word_1_49' title='bbox 227 974 343 1032; x_wconf 81' lang='lat' dir='ltr'>Gemer.</span> <span class='ocrx_word' id='word_1_50' title='bbox 375 1003 415 1012; x_wconf 89' lang='lat'>-</span> <span class='ocrx_word' id='word_1_51' title='bbox 453 974 627 1030; x_wconf 80' lang='lat'>127-130.</span> <span class='ocrx_word' id='word_1_52' title='bbox 659 972 838 1030; x_wconf 86' lang='lat' dir='ltr'>Ritschelius</span> <span class='ocrx_word' id='word_1_53' title='bbox 866 971 988 1045; x_wconf 81' lang='lat' dir='ltr'>Pererg.</span> <span class='ocrx_word' id='word_1_54' title='bbox 1017 993 1047 1048; x_wconf 86' lang='lat' dir='ltr'>p.</span> <span class='ocrx_word' id='word_1_55' title='bbox 1082 973 1140 1030; x_wconf 81' lang='lat'>137</span> <span class='ocrx_word' id='word_1_56' title='bbox 1170 978 1232 1031; x_wconf 89' lang='lat' dir='ltr'>uot.</span> 
     </span>
     <span class='ocr_line' id='line_1_7' title="bbox 100 1075 1232 1152; baseline 0 -20"><span class='ocrx_word' id='word_1_57' title='bbox 100 1076 404 1135; x_wconf 88' lang='lat' dir='ltr'>Windischmeuuum</span> <span class='ocrx_word' id='word_1_58' title='bbox 437 1081 555 1134; x_wconf 87' lang='lat' dir='ltr'>secutus</span> <span class='ocrx_word' id='word_1_59' title='bbox 586 1079 703 1152; x_wconf 88' lang='lat' dir='ltr'>spurios</span> <span class='ocrx_word' id='word_1_60' title='bbox 731 1075 835 1134; x_wconf 86' lang='lat' dir='ltr'>hebuit</span> <span class='ocrx_word' id='word_1_61' title='bbox 862 1080 897 1134; x_wconf 89' lang='lat' dir='ltr'>ut</span> <span class='ocrx_word' id='word_1_62' title='bbox 926 1095 961 1132; x_wconf 85' lang='lat' dir='ltr'>ex</span> <span class='ocrx_word' id='word_1_63' title='bbox 994 1076 1137 1134; x_wconf 77' lang='lat' dir='ltr'>les—91</span> <span class='ocrx_word' id='word_1_64' title='bbox 1162 1096 1232 1133; x_wconf 90' lang='lat' dir='ltr'>con·</span> 
     </span>
     <span class='ocr_line' id='line_1_8' title="bbox 98 1177 1232 1256; baseline 0.001 -20"><span class='ocrx_word' id='word_1_65' title='bbox 98 1179 209 1252; x_wconf 87' lang='lat' dir='ltr'>fictoe;</span> <span class='ocrx_word' id='word_1_66' title='bbox 244 1179 383 1256; x_wconf 81' lang='lat' dir='ltr'><strong>equidem</strong></span> <span class='ocrx_word' id='word_1_67' title='bbox 405 1181 506 1256; x_wconf 89' lang='lat' dir='ltr'>potius</span> <span class='ocrx_word' id='word_1_68' title='bbox 530 1179 566 1236; x_wconf 92' lang='lat' dir='ltr'>de</span> <span class='ocrx_word' id='word_1_69' title='bbox 589 1181 725 1256; x_wconf 79' lang='lat' dir='ltr'>proximo</span> <span class='ocrx_word' id='word_1_70' title='bbox 747 1198 834 1237; x_wconf 81' lang='lat' dir='ltr'>scens</span> <span class='ocrx_word' id='word_1_71' title='bbox 857 1177 977 1248; x_wconf 90' lang='lat' dir='ltr'>dubito,</span> <span class='ocrx_word' id='word_1_72' title='bbox 1002 1177 1039 1234; x_wconf 85' lang='lat' dir='ltr'>ed</span> <span class='ocrx_word' id='word_1_73' title='bbox 1062 1198 1150 1255; x_wconf 81' lang='lat' dir='ltr'>quom</span> <span class='ocrx_word' id='word_1_74' title='bbox 1173 1179 1232 1237; x_wconf 83' lang='lat' dir='ltr'>vid.</span> 
     </span>
     <span class='ocr_line' id='line_1_9' title="bbox 102 1275 1232 1360; baseline -0.001 -19"><span class='ocrx_word' id='word_1_75' title='bbox 102 1313 143 1323; x_wconf 91' lang='lat'>·-</span> <span class='ocrx_word' id='word_1_76' title='bbox 166 1284 239 1341; x_wconf 86' lang='grc'><strong>132.</strong></span> <span class='ocrx_word' id='word_1_77' title='bbox 261 1275 539 1354; x_wconf 60' lang='grc'><strong>1666161066-</strong></span> <span class='ocrx_word' id='word_1_78' title='bbox 566 1283 635 1342; x_wconf 87' lang='grc'><strong>134.</strong></span> <span class='ocrx_word' id='word_1_79' title='bbox 658 1283 778 1354; x_wconf 75' lang='lat' dir='ltr'>nalum,</span> <span class='ocrx_word' id='word_1_80' title='bbox 802 1286 907 1340; x_wconf 87' lang='lat' dir='ltr'>neutro</span> <span class='ocrx_word' id='word_1_81' title='bbox 930 1300 1049 1357; x_wconf 79' lang='lat' dir='ltr'>genere,</span> <span class='ocrx_word' id='word_1_82' title='bbox 1073 1281 1232 1360; x_wconf 72' lang='grc'><strong>61661611.</strong></span> 
     </span>
     <span class='ocr_line' id='line_1_10' title="bbox 99 1380 1231 1461; baseline 0.001 -17"><span class='ocrx_word' id='word_1_83' title='bbox 99 1388 179 1445; x_wconf 84' lang='lat'>497.</span> <span class='ocrx_word' id='word_1_84' title='bbox 215 1387 432 1444; x_wconf 81' lang='grc' dir='ltr'><strong>Τ16661.396.</strong></span> <span class='ocrx_word' id='word_1_85' title='bbox 468 1387 535 1444; x_wconf 87' lang='lat' dir='ltr'><strong>Ter.</strong></span> <span class='ocrx_word' id='word_1_86' title='bbox 560 1385 652 1445; x_wconf 84' lang='lat' dir='ltr'>Andr.</span> <span class='ocrx_word' id='word_1_87' title='bbox 677 1388 748 1444; x_wconf 91' lang='grc'><strong>219.</strong></span> <span class='ocrx_word' id='word_1_88' title='bbox 772 1414 813 1424; x_wconf 90' lang='grc'><strong>-</strong></span> <span class='ocrx_word' id='word_1_89' title='bbox 838 1387 908 1444; x_wconf 88' lang='grc'><strong>136.</strong></span> <span class='ocrx_word' id='word_1_90' title='bbox 933 1380 970 1454; x_wconf 81' lang='lat' dir='ltr'>ei,</span> <span class='ocrx_word' id='word_1_91' title='bbox 1000 1385 1231 1461; x_wconf 68' lang='grc'><strong>6616116666-</strong></span> 
     </span>
     <span class='ocr_line' id='line_1_11' title="bbox 100 1481 1235 1567; baseline 0 -21"><span class='ocrx_word' id='word_1_92' title='bbox 100 1489 194 1547; x_wconf 88' lang='lat' dir='ltr'>deum</span> <span class='ocrx_word' id='word_1_93' title='bbox 218 1490 298 1563; x_wconf 83' lang='lat' dir='ltr'>lecit,</span> <span class='ocrx_word' id='word_1_94' title='bbox 321 1510 347 1546; x_wconf 83' lang='lat' dir='ltr'>v.</span> <span class='ocrx_word' id='word_1_95' title='bbox 372 1488 489 1566; x_wconf 81' lang='lat' dir='ltr'>Proleg.</span> <span class='ocrx_word' id='word_1_96' title='bbox 512 1510 540 1567; x_wconf 92' lang='lat' dir='ltr'>p.</span> <span class='ocrx_word' id='word_1_97' title='bbox 567 1491 637 1548; x_wconf 82' lang='grc'><strong>216.</strong></span> <span class='ocrx_word' id='word_1_98' title='bbox 666 1518 707 1530; x_wconf 94' lang='lat'>·-</span> <span class='ocrx_word' id='word_1_99' title='bbox 739 1488 807 1547; x_wconf 83' lang='lat'>140.</span> <span class='ocrx_word' id='word_1_100' title='bbox 833 1491 916 1564; x_wconf 71' lang='grc'><strong>’6666</strong></span> <span class='ocrx_word' id='word_1_101' title='bbox 938 1481 1055 1548; x_wconf 81' lang='lat' dir='ltr'>malum</span> <span class='ocrx_word' id='word_1_102' title='bbox 1077 1486 1235 1564; x_wconf 74' lang='lat' dir='ltr'>quac-cst</span> 
     </span>
     <span class='ocr_line' id='line_1_12' title="bbox 99 1585 1230 1665; baseline -0.002 -13"><span class='ocrx_word' id='word_1_103' title='bbox 99 1585 174 1665; x_wconf 72' lang='grc'><strong>61111,</strong></span> <span class='ocrx_word' id='word_1_104' title='bbox 205 1593 242 1650; x_wconf 87' lang='lat' dir='ltr'>cl&#39;.</span> <span class='ocrx_word' id='word_1_105' title='bbox 268 1591 305 1651; x_wconf 85' lang='lat' dir='ltr'>ud</span> <span class='ocrx_word' id='word_1_106' title='bbox 328 1593 395 1651; x_wconf 84' lang='lat' dir='ltr'>Aul.</span> <span class='ocrx_word' id='word_1_107' title='bbox 420 1595 491 1652; x_wconf 74' lang='lat'>475.</span> <span class='ocrx_word' id='word_1_108' title='bbox 526 1623 563 1634; x_wconf 90' lang='lat'>—-</span> <span class='ocrx_word' id='word_1_109' title='bbox 597 1595 665 1651; x_wconf 81' lang='lat'>141.</span> <span class='ocrx_word' id='word_1_110' title='bbox 700 1585 786 1650; x_wconf 76' lang='lat' dir='ltr'>aibat</span> <span class='ocrx_word' id='word_1_111' title='bbox 807 1591 896 1650; x_wconf 88' lang='lat' dir='ltr'>Both.</span> <span class='ocrx_word' id='word_1_112' title='bbox 925 1620 967 1630; x_wconf 88' lang='lat'>—·</span> <span class='ocrx_word' id='word_1_113' title='bbox 998 1594 1066 1650; x_wconf 86' lang='grc'><strong>145.</strong></span> <span class='ocrx_word' id='word_1_114' title='bbox 1094 1588 1141 1652; x_wconf 78' lang='lat' dir='ltr'>Sic</span> <span class='ocrx_word' id='word_1_115' title='bbox 1164 1592 1230 1650; x_wconf 86' lang='lat' dir='ltr'>edd.</span> 
     </span>
     <span class='ocr_line' id='line_1_13' title="bbox 99 1687 1230 1774; baseline -0.003 -19"><span class='ocrx_word' id='word_1_116' title='bbox 99 1698 188 1756; x_wconf 88' lang='lat' dir='ltr'>Idem</span> <span class='ocrx_word' id='word_1_117' title='bbox 213 1697 326 1774; x_wconf 79' lang='lat' dir='ltr'>legitur</span> <span class='ocrx_word' id='word_1_118' title='bbox 350 1698 418 1756; x_wconf 80' lang='lat'>195.</span> <span class='ocrx_word' id='word_1_119' title='bbox 445 1727 484 1736; x_wconf 89' lang='lat'>-</span> <span class='ocrx_word' id='word_1_120' title='bbox 512 1693 542 1754; x_wconf 77' lang='lat' dir='ltr'>si</span> <span class='ocrx_word' id='word_1_121' title='bbox 565 1691 635 1772; x_wconf 77' lang='lat' dir='ltr'>quis</span> <span class='ocrx_word' id='word_1_122' title='bbox 657 1710 732 1754; x_wconf 75' lang='grc'><strong>118116</strong></span> <span class='ocrx_word' id='word_1_123' title='bbox 754 1687 883 1768; x_wconf 74' lang='lat' dir='ltr'>uenerit,</span> <span class='ocrx_word' id='word_1_124' title='bbox 907 1695 942 1752; x_wconf 84' lang='lat' dir='ltr'>cf.</span> <span class='ocrx_word' id='word_1_125' title='bbox 967 1694 1004 1753; x_wconf 82' lang='lat' dir='ltr'>ad</span> <span class='ocrx_word' id='word_1_126' title='bbox 1027 1695 1132 1754; x_wconf 79' lang='lat' dir='ltr'>Bacch.</span> <span class='ocrx_word' id='word_1_127' title='bbox 1160 1698 1230 1754; x_wconf 89' lang='grc'><strong>360.</strong></span> 
     </span>
     <span class='ocr_line' id='line_1_14' title="bbox 102 1794 801 1877; baseline -0.001 -19"><span class='ocrx_word' id='word_1_128' title='bbox 102 1800 238 1874; x_wconf 78' lang='lat' dir='ltr'>Langen.</span> <span class='ocrx_word' id='word_1_129' title='bbox 263 1800 355 1858; x_wconf 84' lang='lat' dir='ltr'>Beitr.</span> <span class='ocrx_word' id='word_1_130' title='bbox 379 1819 410 1877; x_wconf 92' lang='lat' dir='ltr'>p.</span> <span class='ocrx_word' id='word_1_131' title='bbox 437 1801 496 1858; x_wconf 83' lang='lat'>162</span> <span class='ocrx_word' id='word_1_132' title='bbox 524 1794 632 1875; x_wconf 85' lang='lat' dir='ltr'>,quid“</span> <span class='ocrx_word' id='word_1_133' title='bbox 658 1798 801 1876; x_wconf 82' lang='lat' dir='ltr'>postulat.</span> 
     </span>
    </p>
   </div>
   <div class='ocr_carea' id='block_1_3' title="bbox 101 2108 1229 2498">
    <p class='ocr_par' dir='ltr' id='par_1_3' title="bbox 101 2108 1229 2498">
     <span class='ocr_line' id='line_1_15' title="bbox 193 2108 1229 2169; baseline 0 -1"><span class='ocrx_word' id='word_1_134' title='bbox 193 2111 264 2168; x_wconf 80' lang='lat'>147.</span> <span class='ocrx_word' id='word_1_135' title='bbox 298 2109 429 2167; x_wconf 88' lang='lat' dir='ltr'>Perditis</span> <span class='ocrx_word' id='word_1_136' title='bbox 457 2108 564 2168; x_wconf 87' lang='lat' dir='ltr'>Seleuii</span> <span class='ocrx_word' id='word_1_137' title='bbox 593 2115 623 2166; x_wconf 91' lang='lat' dir='ltr'>et</span> <span class='ocrx_word' id='word_1_138' title='bbox 650 2108 864 2168; x_wconf 79' lang='lat' dir='ltr'>Alcesimarchi</span> <span class='ocrx_word' id='word_1_139' title='bbox 891 2111 979 2169; x_wconf 82' lang='lat' dir='ltr'>rebus</span> <span class='ocrx_word' id='word_1_140' title='bbox 1008 2128 1068 2167; x_wconf 86' lang='lat' dir='ltr'>uns</span> <span class='ocrx_word' id='word_1_141' title='bbox 1096 2129 1144 2168; x_wconf 89' lang='lat' dir='ltr'>res</span> <span class='ocrx_word' id='word_1_142' title='bbox 1166 2129 1229 2168; x_wconf 90' lang='lat' dir='ltr'>suc-</span> 
     </span>
     <span class='ocr_line' id='line_1_16' title="bbox 101 2211 1229 2290; baseline -0.002 -18"><span class='ocrx_word' id='word_1_143' title='bbox 101 2235 225 2273; x_wconf 87' lang='lat' dir='ltr'>currere</span> <span class='ocrx_word' id='word_1_144' title='bbox 247 2215 359 2290; x_wconf 89' lang='lat' dir='ltr'>potuit,</span> <span class='ocrx_word' id='word_1_145' title='bbox 392 2211 520 2270; x_wconf 88' lang='lat' dir='ltr'>Deorum</span> <span class='ocrx_word' id='word_1_146' title='bbox 549 2213 700 2272; x_wconf 83' lang='lat' dir='ltr'>auxilium.</span> <span class='ocrx_word' id='word_1_147' title='bbox 753 2213 794 2271; x_wconf 86' lang='lat' dir='ltr'>Et</span> <span class='ocrx_word' id='word_1_148' title='bbox 821 2214 905 2272; x_wconf 79' lang='lat' dir='ltr'>adest</span> <span class='ocrx_word' id='word_1_149' title='bbox 926 2231 1036 2270; x_wconf 89' lang='lat' dir='ltr'>numen</span> <span class='ocrx_word' id='word_1_150' title='bbox 1057 2211 1141 2287; x_wconf 87' lang='lat' dir='ltr'>illud,</span> <span class='ocrx_word' id='word_1_151' title='bbox 1171 2231 1229 2290; x_wconf 92' lang='lat' dir='ltr'>quo</span> 
     </span>
     <span class='ocr_line' id='line_1_17' title="bbox 101 2315 1229 2395; baseline 0 -21"><span class='ocrx_word' id='word_1_152' title='bbox 101 2318 266 2376; x_wconf 75' lang='lat' dir='ltr'>adiuvante</span> <span class='ocrx_word' id='word_1_153' title='bbox 289 2317 389 2395; x_wconf 84' lang='lat' dir='ltr'>pelam</span> <span class='ocrx_word' id='word_1_154' title='bbox 419 2315 485 2388; x_wconf 89' lang='lat' dir='ltr'>fiet,</span> <span class='ocrx_word' id='word_1_155' title='bbox 519 2315 648 2394; x_wconf 79' lang='lat' dir='ltr'>puellam</span> <span class='ocrx_word' id='word_1_156' title='bbox 676 2317 833 2392; x_wconf 81' lang='lat' dir='ltr'>iugenuam</span> <span class='ocrx_word' id='word_1_157' title='bbox 862 2321 961 2374; x_wconf 81' lang='lat' dir='ltr'>uatem</span> <span class='ocrx_word' id='word_1_158' title='bbox 990 2334 1055 2373; x_wconf 89' lang='lat' dir='ltr'>esse</span> <span class='ocrx_word' id='word_1_159' title='bbox 1082 2317 1229 2392; x_wconf 84' lang='lat' dir='ltr'>iustisque</span> 
     </span>
     <span class='ocr_line' id='line_1_18' title="bbox 102 2412 1228 2498; baseline -0.001 -19"><span class='ocrx_word' id='word_1_160' title='bbox 102 2441 169 2479; x_wconf 88' lang='lat' dir='ltr'>cum</span> <span class='ocrx_word' id='word_1_161' title='bbox 194 2421 383 2478; x_wconf 76' lang='lat' dir='ltr'>adolescente</span> <span class='ocrx_word' id='word_1_162' title='bbox 405 2421 519 2498; x_wconf 85' lang='lat' dir='ltr'>nuptiis</span> <span class='ocrx_word' id='word_1_163' title='bbox 538 2420 620 2493; x_wconf 80' lang='lat' dir='ltr'>iungi</span> <span class='ocrx_word' id='word_1_164' title='bbox 638 2439 735 2495; x_wconf 88' lang='lat' dir='ltr'>posse.</span> <span class='ocrx_word' id='word_1_165' title='bbox 780 2417 851 2477; x_wconf 82' lang='lat' dir='ltr'>Exit</span> <span class='ocrx_word' id='word_1_166' title='bbox 869 2421 932 2496; x_wconf 88' lang='lat' dir='ltr'>ipss</span> <span class='ocrx_word' id='word_1_167' title='bbox 945 2419 1033 2492; x_wconf 90' lang='lat' dir='ltr'>Deus,</span> <span class='ocrx_word' id='word_1_168' title='bbox 1051 2412 1228 2490; x_wconf 72' lang='lat' dir='ltr'>Auxilium,</span> 
     </span>
    </p>
   </div>
   <div class='ocr_carea' id='block_1_4' title="bbox 102 2523 1230 4355">
    <p class='ocr_par' dir='ltr' id='par_1_4' title="bbox 102 2523 1230 4355">
     <span class='ocr_line' id='line_1_19' title="bbox 102 2523 1230 2600; baseline 0 -18"><span class='ocrx_word' id='word_1_169' title='bbox 102 2545 139 2582; x_wconf 91' lang='grc'>66</span> <span class='ocrx_word' id='word_1_170' title='bbox 169 2527 355 2600; x_wconf 77' lang='lat' dir='ltr'>spectatores</span> <span class='ocrx_word' id='word_1_171' title='bbox 383 2523 503 2581; x_wconf 83' lang='lat' dir='ltr'>solliciti</span> <span class='ocrx_word' id='word_1_172' title='bbox 532 2543 602 2580; x_wconf 84' lang='lat' dir='ltr'>curs</span> <span class='ocrx_word' id='word_1_173' title='bbox 631 2523 782 2593; x_wconf 85' lang='lat' dir='ltr'>lcborent;</span> <span class='ocrx_word' id='word_1_174' title='bbox 822 2523 958 2600; x_wconf 89' lang='lat' dir='ltr'>idemque</span> <span class='ocrx_word' id='word_1_175' title='bbox 988 2523 1106 2600; x_wconf 79' lang='lat' dir='ltr'>prologi</span> <span class='ocrx_word' id='word_1_176' title='bbox 1134 2527 1230 2582; x_wconf 84' lang='lat' dir='ltr'>iustsr</span> 
     </span>
     <span class='ocr_line' id='line_1_20' title="bbox 103 2625 1229 2703; baseline 0 -17"><span class='ocrx_word' id='word_1_177' title='bbox 103 2646 223 2686; x_wconf 89' lang='lat' dir='ltr'>omnem</span> <span class='ocrx_word' id='word_1_178' title='bbox 246 2646 309 2683; x_wconf 91' lang='lat' dir='ltr'>rem</span> <span class='ocrx_word' id='word_1_179' title='bbox 332 2629 462 2703; x_wconf 89' lang='lat' dir='ltr'>exponit,</span> <span class='ocrx_word' id='word_1_180' title='bbox 488 2632 522 2683; x_wconf 89' lang='lat' dir='ltr'>ut</span> <span class='ocrx_word' id='word_1_181' title='bbox 544 2625 581 2684; x_wconf 88' lang='lat' dir='ltr'>sb</span> <span class='ocrx_word' id='word_1_182' title='bbox 603 2627 689 2683; x_wconf 85' lang='lat' dir='ltr'>initio</span> <span class='ocrx_word' id='word_1_183' title='bbox 714 2631 780 2682; x_wconf 84' lang='grc'><strong>6616</strong></span> <span class='ocrx_word' id='word_1_184' title='bbox 804 2628 851 2684; x_wconf 89' lang='lat' dir='ltr'>sit.</span> <span class='ocrx_word' id='word_1_185' title='bbox 898 2625 1042 2702; x_wconf 81' lang='lat' dir='ltr'>Prologus</span> <span class='ocrx_word' id='word_1_186' title='bbox 1061 2629 1149 2685; x_wconf 86' lang='lat' dir='ltr'>etiem</span> <span class='ocrx_word' id='word_1_187' title='bbox 1167 2627 1229 2686; x_wconf 80' lang='lat' dir='ltr'>liaec</span> 
     </span>
     <span class='ocr_line' id='line_1_21' title="bbox 103 2728 1228 2808; baseline 0 -20"><span class='ocrx_word' id='word_1_188' title='bbox 103 2751 193 2790; x_wconf 84' lang='lat' dir='ltr'>secus</span> <span class='ocrx_word' id='word_1_189' title='bbox 222 2733 251 2787; x_wconf 91' lang='grc'>16</span> <span class='ocrx_word' id='word_1_190' title='bbox 281 2728 432 2788; x_wconf 87' lang='lat' dir='ltr'>codicibus</span> <span class='ocrx_word' id='word_1_191' title='bbox 460 2729 585 2801; x_wconf 82' lang='lat' dir='ltr'>dicitur3</span> <span class='ocrx_word' id='word_1_192' title='bbox 620 2729 698 2806; x_wconf 91' lang='lat' dir='ltr'>quod</span> <span class='ocrx_word' id='word_1_193' title='bbox 734 2735 832 2788; x_wconf 83' lang='grc'><strong>661616</strong></span> <span class='ocrx_word' id='word_1_194' title='bbox 863 2751 924 2788; x_wconf 92' lang='grc'>666</span> <span class='ocrx_word' id='word_1_195' title='bbox 957 2734 1085 2808; x_wconf 88' lang='lat' dir='ltr'>primum</span> <span class='ocrx_word' id='word_1_196' title='bbox 1119 2731 1228 2788; x_wconf 78' lang='lat' dir='ltr'>lsbulse</span> 
     </span>
     <span class='ocr_line' id='line_1_22' title="bbox 102 2832 1228 2912; baseline -0.001 -19"><span class='ocrx_word' id='word_1_197' title='bbox 102 2837 200 2893; x_wconf 89' lang='lat' dir='ltr'>locum</span> <span class='ocrx_word' id='word_1_198' title='bbox 224 2837 315 2900; x_wconf 88' lang='lat' dir='ltr'>tenet,</span> <span class='ocrx_word' id='word_1_199' title='bbox 339 2832 417 2892; x_wconf 86' lang='lat' dir='ltr'>idem</span> <span class='ocrx_word' id='word_1_200' title='bbox 441 2833 476 2890; x_wconf 88' lang='lat' dir='ltr'>fit</span> <span class='ocrx_word' id='word_1_201' title='bbox 498 2835 528 2890; x_wconf 90' lang='lat' dir='ltr'>in</span> <span class='ocrx_word' id='word_1_202' title='bbox 551 2832 648 2890; x_wconf 86' lang='lat' dir='ltr'>Milite</span> <span class='ocrx_word' id='word_1_203' title='bbox 671 2833 803 2906; x_wconf 83' lang='lat' dir='ltr'>glorioso</span> <span class='ocrx_word' id='word_1_204' title='bbox 826 2854 854 2892; x_wconf 85' lang='lat' dir='ltr'>v.</span> <span class='ocrx_word' id='word_1_205' title='bbox 874 2834 912 2894; x_wconf 80' lang='lat'>79</span> <span class='ocrx_word' id='word_1_206' title='bbox 937 2855 1001 2912; x_wconf 86' lang='lat' dir='ltr'>sqq.</span> <span class='ocrx_word' id='word_1_207' title='bbox 1026 2839 1056 2893; x_wconf 92' lang='grc'>61</span> <span class='ocrx_word' id='word_1_208' title='bbox 1079 2834 1137 2892; x_wconf 84' lang='grc'><strong>6116</strong></span> <span class='ocrx_word' id='word_1_209' title='bbox 1154 2853 1228 2910; x_wconf 91' lang='lat' dir='ltr'>quo·</span> 
     </span>
     <span class='ocr_line' id='line_1_23' title="bbox 104 2936 1229 3015; baseline -0.002 -19"><span class='ocrx_word' id='word_1_210' title='bbox 104 2959 163 3015; x_wconf 89' lang='lat' dir='ltr'>que</span> <span class='ocrx_word' id='word_1_211' title='bbox 186 2940 216 2996; x_wconf 91' lang='lat' dir='ltr'>iu</span> <span class='ocrx_word' id='word_1_212' title='bbox 240 2938 495 3013; x_wconf 79' lang='lat' dir='ltr'>comparationem</span> <span class='ocrx_word' id='word_1_213' title='bbox 520 2936 618 2994; x_wconf 85' lang='lat' dir='ltr'>efferri</span> <span class='ocrx_word' id='word_1_214' title='bbox 640 2944 776 3014; x_wconf 88' lang='lat' dir='ltr'>possunt,</span> <span class='ocrx_word' id='word_1_215' title='bbox 800 2943 834 2996; x_wconf 90' lang='lat' dir='ltr'>ut</span> <span class='ocrx_word' id='word_1_216' title='bbox 856 2937 979 2995; x_wconf 83' lang='lat' dir='ltr'>lecimus</span> <span class='ocrx_word' id='word_1_217' title='bbox 1003 2937 1167 2996; x_wconf 83' lang='lat' dir='ltr'>Comment.</span> <span class='ocrx_word' id='word_1_218' title='bbox 1191 2938 1229 2994; x_wconf 84' lang='lat' dir='ltr'>ad</span> 
     </span>
     <span class='ocr_line' id='line_1_24' title="bbox 104 3039 1229 3117; baseline -0.002 -18"><span class='ocrx_word' id='word_1_219' title='bbox 104 3041 233 3099; x_wconf 78' lang='lat' dir='ltr'>Militem</span> <span class='ocrx_word' id='word_1_220' title='bbox 256 3061 286 3117; x_wconf 90' lang='lat' dir='ltr'>p.</span> <span class='ocrx_word' id='word_1_221' title='bbox 313 3041 371 3098; x_wconf 86' lang='grc'>233</span> <span class='ocrx_word' id='word_1_222' title='bbox 397 3045 426 3097; x_wconf 90' lang='grc'>61</span> <span class='ocrx_word' id='word_1_223' title='bbox 447 3039 564 3116; x_wconf 81' lang='lat' dir='ltr'>Proleg.</span> <span class='ocrx_word' id='word_1_224' title='bbox 587 3060 617 3116; x_wconf 88' lang='lat' dir='ltr'>p.</span> <span class='ocrx_word' id='word_1_225' title='bbox 643 3043 712 3099; x_wconf 90' lang='grc'><strong>162.</strong></span> <span class='ocrx_word' id='word_1_226' title='bbox 766 3039 824 3098; x_wconf 88' lang='lat' dir='ltr'>Sed</span> <span class='ocrx_word' id='word_1_227' title='bbox 847 3040 927 3116; x_wconf 91' lang='lat' dir='ltr'>quod</span> <span class='ocrx_word' id='word_1_228' title='bbox 951 3039 992 3098; x_wconf 90' lang='lat' dir='ltr'>ibi</span> <span class='ocrx_word' id='word_1_229' title='bbox 1016 3059 1062 3097; x_wconf 88' lang='lat' dir='ltr'>me</span> <span class='ocrx_word' id='word_1_230' title='bbox 1085 3039 1147 3097; x_wconf 89' lang='lat' dir='ltr'>dixi</span> <span class='ocrx_word' id='word_1_231' title='bbox 1169 3059 1229 3098; x_wconf 89' lang='grc'>666</span> 
     </span>
     <span class='ocr_line' id='line_1_25' title="bbox 104 3141 1227 3222; baseline -0.001 -21"><span class='ocrx_word' id='word_1_232' title='bbox 104 3142 251 3216; x_wconf 78' lang='lat' dir='ltr'>dubitare,</span> <span class='ocrx_word' id='word_1_233' title='bbox 275 3143 347 3220; x_wconf 84' lang='lat' dir='ltr'>quin</span> <span class='ocrx_word' id='word_1_234' title='bbox 370 3143 431 3200; x_wconf 82' lang='lat' dir='ltr'>hcec</span> <span class='ocrx_word' id='word_1_235' title='bbox 448 3162 483 3200; x_wconf 86' lang='lat' dir='ltr'>ex</span> <span class='ocrx_word' id='word_1_236' title='bbox 502 3141 605 3202; x_wconf 81' lang='lat' dir='ltr'>Graeco</span> <span class='ocrx_word' id='word_1_237' title='bbox 624 3145 784 3222; x_wconf 80' lang='lat' dir='ltr'>exemplari</span> <span class='ocrx_word' id='word_1_238' title='bbox 802 3142 967 3214; x_wconf 87' lang='lat' dir='ltr'>fluxissent,</span> <span class='ocrx_word' id='word_1_239' title='bbox 986 3143 1017 3200; x_wconf 92' lang='lat' dir='ltr'>id</span> <span class='ocrx_word' id='word_1_240' title='bbox 1035 3143 1123 3201; x_wconf 90' lang='lat' dir='ltr'>hodie</span> <span class='ocrx_word' id='word_1_241' title='bbox 1139 3161 1227 3218; x_wconf 89' lang='lat' dir='ltr'>repe·</span> 
     </span>
     <span class='ocr_line' id='line_1_26' title="bbox 105 3245 1229 3324; baseline -0.001 -20"><span class='ocrx_word' id='word_1_242' title='bbox 105 3251 168 3306; x_wconf 87' lang='lat' dir='ltr'>tere</span> <span class='ocrx_word' id='word_1_243' title='bbox 191 3267 249 3305; x_wconf 90' lang='grc'>666</span> <span class='ocrx_word' id='word_1_244' title='bbox 272 3245 380 3317; x_wconf 84' lang='grc'><strong>666116;</strong></span> <span class='ocrx_word' id='word_1_245' title='bbox 416 3265 482 3303; x_wconf 86' lang='lat' dir='ltr'>nem</span> <span class='ocrx_word' id='word_1_246' title='bbox 506 3247 568 3303; x_wconf 79' lang='lat' dir='ltr'>haec</span> <span class='ocrx_word' id='word_1_247' title='bbox 591 3248 708 3324; x_wconf 88' lang='lat' dir='ltr'>quidem</span> <span class='ocrx_word' id='word_1_248' title='bbox 733 3246 907 3306; x_wconf 75' lang='lat' dir='ltr'>Cistellariae</span> <span class='ocrx_word' id='word_1_249' title='bbox 936 3267 1023 3306; x_wconf 85' lang='lat' dir='ltr'>scena</span> <span class='ocrx_word' id='word_1_250' title='bbox 1052 3253 1082 3306; x_wconf 87' lang='grc'>61</span> <span class='ocrx_word' id='word_1_251' title='bbox 1110 3249 1229 3304; x_wconf 89' lang='lat' dir='ltr'>minime</span> 
     </span>
     <span class='ocr_line' id='line_1_27' title="bbox 105 3350 1228 3428; baseline -0.001 -20"><span class='ocrx_word' id='word_1_252' title='bbox 105 3351 270 3408; x_wconf 80' lang='lat' dir='ltr'>necessarie</span> <span class='ocrx_word' id='word_1_253' title='bbox 287 3356 342 3421; x_wconf 89' lang='lat' dir='ltr'>est,</span> <span class='ocrx_word' id='word_1_254' title='bbox 366 3369 420 3406; x_wconf 90' lang='lat' dir='ltr'>nec</span> <span class='ocrx_word' id='word_1_255' title='bbox 438 3352 500 3409; x_wconf 90' lang='lat' dir='ltr'>sine</span> <span class='ocrx_word' id='word_1_256' title='bbox 524 3350 687 3408; x_wconf 83' lang='lat' dir='ltr'>offensione</span> <span class='ocrx_word' id='word_1_257' title='bbox 711 3371 754 3421; x_wconf 85' lang='grc'>66,</span> <span class='ocrx_word' id='word_1_258' title='bbox 779 3370 845 3428; x_wconf 77' lang='lat' dir='ltr'>ques</span> <span class='ocrx_word' id='word_1_259' title='bbox 868 3353 1023 3427; x_wconf 84' lang='lat' dir='ltr'>superiore</span> <span class='ocrx_word' id='word_1_260' title='bbox 1046 3369 1134 3406; x_wconf 86' lang='grc'><strong>66666</strong></span> <span class='ocrx_word' id='word_1_261' title='bbox 1156 3351 1228 3408; x_wconf 85' lang='grc'><strong>66116</strong></span> 
     </span>
     <span class='ocr_line' id='line_1_28' title="bbox 106 3453 1228 3531; baseline -0.001 -22"><span class='ocrx_word' id='word_1_262' title='bbox 106 3453 254 3528; x_wconf 81' lang='lat' dir='ltr'>explicate</span> <span class='ocrx_word' id='word_1_263' title='bbox 277 3458 360 3526; x_wconf 89' lang='lat' dir='ltr'>sunt,</span> <span class='ocrx_word' id='word_1_264' title='bbox 390 3453 438 3511; x_wconf 89' lang='lat' dir='ltr'>hic</span> <span class='ocrx_word' id='word_1_265' title='bbox 466 3455 572 3511; x_wconf 87' lang='lat' dir='ltr'>iterum</span> <span class='ocrx_word' id='word_1_266' title='bbox 601 3460 770 3512; x_wconf 79' lang='lat' dir='ltr'>narrentur.</span> <span class='ocrx_word' id='word_1_267' title='bbox 818 3454 938 3511; x_wconf 83' lang='lat' dir='ltr'>Accedit</span> <span class='ocrx_word' id='word_1_268' title='bbox 961 3455 1041 3531; x_wconf 90' lang='lat' dir='ltr'>quod</span> <span class='ocrx_word' id='word_1_269' title='bbox 1060 3457 1161 3512; x_wconf 83' lang='lat' dir='ltr'>&#39;totum</span> <span class='ocrx_word' id='word_1_270' title='bbox 1184 3453 1228 3509; x_wconf 92' lang='lat' dir='ltr'>di-</span> 
     </span>
     <span class='ocr_line' id='line_1_29' title="bbox 107 3555 1226 3633; baseline -0.004 -19"><span class='ocrx_word' id='word_1_271' title='bbox 107 3556 189 3614; x_wconf 89' lang='lat' dir='ltr'>cendi</span> <span class='ocrx_word' id='word_1_272' title='bbox 216 3575 310 3633; x_wconf 84' lang='lat' dir='ltr'>genus</span> <span class='ocrx_word' id='word_1_273' title='bbox 339 3557 417 3614; x_wconf 86' lang='lat' dir='ltr'>infre</span> <span class='ocrx_word' id='word_1_274' title='bbox 440 3555 540 3613; x_wconf 82' lang='lat' dir='ltr'>Plauti</span> <span class='ocrx_word' id='word_1_275' title='bbox 568 3559 628 3614; x_wconf 91' lang='lat' dir='ltr'>vim</span> <span class='ocrx_word' id='word_1_276' title='bbox 656 3562 686 3615; x_wconf 91' lang='grc'>61</span> <span class='ocrx_word' id='word_1_277' title='bbox 709 3556 890 3631; x_wconf 71' lang='lat' dir='ltr'>elegantiam</span> <span class='ocrx_word' id='word_1_278' title='bbox 914 3557 1076 3616; x_wconf 87' lang='lat' dir='ltr'>subsistere</span> <span class='ocrx_word' id='word_1_279' title='bbox 1099 3555 1226 3614; x_wconf 89' lang='lat' dir='ltr'>videtur.</span> 
     </span>
     <span class='ocr_line' id='line_1_30' title="bbox 107 3658 1226 3738; baseline 0 -20"><span class='ocrx_word' id='word_1_280' title='bbox 107 3659 202 3731; x_wconf 72' lang='lat' dir='ltr'>Quare</span> <span class='ocrx_word' id='word_1_281' title='bbox 227 3661 325 3716; x_wconf 87' lang='lat' dir='ltr'>nescio</span> <span class='ocrx_word' id='word_1_282' title='bbox 354 3678 391 3716; x_wconf 87' lang='grc'>66</span> <span class='ocrx_word' id='word_1_283' title='bbox 420 3663 499 3716; x_wconf 87' lang='lat' dir='ltr'>recte</span> <span class='ocrx_word' id='word_1_284' title='bbox 523 3658 683 3734; x_wconf 82' lang='lat' dir='ltr'>Visseriug.</span> <span class='ocrx_word' id='word_1_285' title='bbox 708 3659 867 3730; x_wconf 75' lang='lat' dir='ltr'>Questiou.</span> <span class='ocrx_word' id='word_1_286' title='bbox 892 3660 1022 3719; x_wconf 81' lang='lat' dir='ltr'>Plautio.</span> <span class='ocrx_word' id='word_1_287' title='bbox 1046 3681 1074 3738; x_wconf 92' lang='lat' dir='ltr'>p.</span> <span class='ocrx_word' id='word_1_288' title='bbox 1101 3661 1139 3718; x_wconf 85' lang='grc'>24</span> <span class='ocrx_word' id='word_1_289' title='bbox 1163 3679 1226 3736; x_wconf 89' lang='lat' dir='ltr'>sqq.</span> 
     </span>
     <span class='ocr_line' id='line_1_31' title="bbox 106 3761 1229 3841; baseline 0.001 -22"><span class='ocrx_word' id='word_1_290' title='bbox 106 3769 197 3822; x_wconf 82' lang='lat' dir='ltr'>totum</span> <span class='ocrx_word' id='word_1_291' title='bbox 220 3783 338 3822; x_wconf 78' lang='lat' dir='ltr'>scenam</span> <span class='ocrx_word' id='word_1_292' title='bbox 362 3783 379 3820; x_wconf 87' lang='grc'>6</span> <span class='ocrx_word' id='word_1_293' title='bbox 402 3761 510 3820; x_wconf 80' lang='lat' dir='ltr'>Plauto</span> <span class='ocrx_word' id='word_1_294' title='bbox 534 3761 750 3822; x_wconf 81' lang='lat' dir='ltr'>abiudiceverit</span> <span class='ocrx_word' id='word_1_295' title='bbox 777 3766 863 3841; x_wconf 89' lang='lat' dir='ltr'>eique</span> <span class='ocrx_word' id='word_1_296' title='bbox 892 3767 974 3822; x_wconf 79' lang='lat' dir='ltr'>aetsti</span> <span class='ocrx_word' id='word_1_297' title='bbox 996 3765 1146 3835; x_wconf 87' lang='lat' dir='ltr'>tribuerit,</span> <span class='ocrx_word' id='word_1_298' title='bbox 1170 3784 1229 3840; x_wconf 83' lang='lat' dir='ltr'>que</span> 
     </span>
     <span class='ocr_line' id='line_1_32' title="bbox 107 3865 1228 3944; baseline 0.003 -21"><span class='ocrx_word' id='word_1_299' title='bbox 107 3867 186 3924; x_wconf 86' lang='lat' dir='ltr'>nulls</span> <span class='ocrx_word' id='word_1_300' title='bbox 208 3865 309 3924; x_wconf 78' lang='lat' dir='ltr'>fabule</span> <span class='ocrx_word' id='word_1_301' title='bbox 332 3865 458 3944; x_wconf 81' lang='lat' dir='ltr'>prologo</span> <span class='ocrx_word' id='word_1_302' title='bbox 482 3885 584 3922; x_wconf 85' lang='lat' dir='ltr'>cerere</span> <span class='ocrx_word' id='word_1_303' title='bbox 607 3869 720 3943; x_wconf 88' lang='lat' dir='ltr'>potuit,</span> <span class='ocrx_word' id='word_1_304' title='bbox 751 3887 777 3924; x_wconf 89' lang='lat' dir='ltr'>v.</span> <span class='ocrx_word' id='word_1_305' title='bbox 803 3870 863 3927; x_wconf 80' lang='lat'>200</span> <span class='ocrx_word' id='word_1_306' title='bbox 888 3875 1001 3940; x_wconf 84' lang='grc'><strong>661616,</strong></span> <span class='ocrx_word' id='word_1_307' title='bbox 1035 3868 1088 3926; x_wconf 93' lang='lat' dir='ltr'>ubi</span> <span class='ocrx_word' id='word_1_308' title='bbox 1118 3868 1228 3926; x_wconf 87' lang='lat' dir='ltr'>bellum</span> 
     </span>
     <span class='ocr_line' id='line_1_33' title="bbox 108 3968 1227 4043; baseline 0.004 -19"><span class='ocrx_word' id='word_1_309' title='bbox 108 3988 168 4027; x_wconf 91' lang='lat' dir='ltr'>cum</span> <span class='ocrx_word' id='word_1_310' title='bbox 190 3968 298 4028; x_wconf 84' lang='lat' dir='ltr'>Poenis</span> <span class='ocrx_word' id='word_1_311' title='bbox 316 3975 572 4040; x_wconf 87' lang='lat' dir='ltr'>commemoretur,</span> <span class='ocrx_word' id='word_1_312' title='bbox 598 3968 634 4026; x_wconf 84' lang='lat' dir='ltr'>sd</span> <span class='ocrx_word' id='word_1_313' title='bbox 652 3973 783 4043; x_wconf 85' lang='lat' dir='ltr'>tertium,</span> <span class='ocrx_word' id='word_1_314' title='bbox 808 3991 864 4029; x_wconf 90' lang='grc'>666</span> <span class='ocrx_word' id='word_1_315' title='bbox 884 3972 922 4030; x_wconf 82' lang='lat' dir='ltr'>sd</span> <span class='ocrx_word' id='word_1_316' title='bbox 939 3971 1098 4030; x_wconf 87' lang='lat' dir='ltr'>secundum</span> <span class='ocrx_word' id='word_1_317' title='bbox 1115 3971 1227 4029; x_wconf 90' lang='lat' dir='ltr'>bellum</span> 
     </span>
     <span class='ocr_line' id='line_1_34' title="bbox 108 4071 1228 4150; baseline 0.004 -23"><span class='ocrx_word' id='word_1_318' title='bbox 108 4071 249 4130; x_wconf 86' lang='lat' dir='ltr'>Punicum</span> <span class='ocrx_word' id='word_1_319' title='bbox 282 4072 401 4130; x_wconf 81' lang='lat' dir='ltr'>referet.</span> <span class='ocrx_word' id='word_1_320' title='bbox 469 4072 503 4128; x_wconf 92' lang='lat' dir='ltr'>ln</span> <span class='ocrx_word' id='word_1_321' title='bbox 537 4072 660 4131; x_wconf 80' lang='lat' dir='ltr'>candem</span> <span class='ocrx_word' id='word_1_322' title='bbox 694 4077 872 4132; x_wconf 82' lang='lat' dir='ltr'>seutentiam</span> <span class='ocrx_word' id='word_1_323' title='bbox 901 4075 1060 4134; x_wconf 86' lang='lat' dir='ltr'>Teuffelius</span> <span class='ocrx_word' id='word_1_324' title='bbox 1091 4071 1228 4150; x_wconf 85' lang='lat' dir='ltr'>(Studien</span> 
     </span>
     <span class='ocr_line' id='line_1_35' title="bbox 109 4173 1226 4254; baseline 0.005 -23"><span class='ocrx_word' id='word_1_325' title='bbox 109 4173 164 4232; x_wconf 87' lang='lat' dir='ltr'>und</span> <span class='ocrx_word' id='word_1_326' title='bbox 187 4173 463 4233; x_wconf 77' lang='lat' dir='ltr'>Cbsrelrteristilrcn</span> <span class='ocrx_word' id='word_1_327' title='bbox 486 4195 515 4251; x_wconf 89' lang='lat' dir='ltr'>p.</span> <span class='ocrx_word' id='word_1_328' title='bbox 541 4175 614 4248; x_wconf 90' lang='grc'><strong>261)</strong></span> <span class='ocrx_word' id='word_1_329' title='bbox 639 4176 757 4250; x_wconf 71' lang='lat' dir='ltr'>incidit,</span> <span class='ocrx_word' id='word_1_330' title='bbox 781 4180 833 4237; x_wconf 89' lang='lat' dir='ltr'>sed</span> <span class='ocrx_word' id='word_1_331' title='bbox 855 4197 961 4254; x_wconf 87' lang='lat' dir='ltr'>perum</span> <span class='ocrx_word' id='word_1_332' title='bbox 982 4179 1139 4252; x_wconf 83' lang='lat' dir='ltr'>intellexit,</span> <span class='ocrx_word' id='word_1_333' title='bbox 1164 4185 1226 4238; x_wconf 90' lang='lat' dir='ltr'>tum</span> 
     </span>
     <span class='ocr_line' id='line_1_36' title="bbox 110 4277 1226 4355; baseline 0.004 -23"><span class='ocrx_word' id='word_1_334' title='bbox 110 4277 302 4340; x_wconf 75' lang='grc'><strong>6111666666</strong></span> <span class='ocrx_word' id='word_1_335' title='bbox 326 4297 398 4346; x_wconf 84' lang='grc'><strong>6666,</strong></span> <span class='ocrx_word' id='word_1_336' title='bbox 421 4297 509 4354; x_wconf 88' lang='lat' dir='ltr'>quem</span> <span class='ocrx_word' id='word_1_337' title='bbox 533 4279 622 4337; x_wconf 90' lang='lat' dir='ltr'>simul</span> <span class='ocrx_word' id='word_1_338' title='bbox 644 4281 781 4355; x_wconf 83' lang='lat' dir='ltr'>amplecti</span> <span class='ocrx_word' id='word_1_339' title='bbox 810 4287 943 4354; x_wconf 84' lang='lat' dir='ltr'>conatur,</span> <span class='ocrx_word' id='word_1_340' title='bbox 971 4281 1226 4340; x_wconf 83' lang='lat' dir='ltr'>Windischmanni</span> 
     </span>
    </p>
   </div>
   <div class='ocr_carea' id='block_1_5' title="bbox 0 0 1499 5018">
    <p class='ocr_par' dir='ltr' id='par_1_5' title="bbox 0 0 1499 5018">
     <span class='ocr_line' id='line_1_37' title="bbox 0 0 1499 5018; baseline 0 0"><span class='ocrx_word' id='word_1_341' title='bbox 0 0 1499 5018; x_wconf 95' lang='lat' dir='ltr'> </span> 
     </span>
    </p>
   </div>
  </div>
 </body>
</html>
