3030 5050
219 345 259 406 76
736 319 827 392 reue
1145 340 1179 405 v,
1198 343 1222 406 4,
1243 339 1369 392 ia-aa

690 529 735 592 Ol
768 551 798 592 m
834 531 870 592 io

219 637 281 716 Qui
305 639 404 702 etiam
428 659 478 701 me
502 639 656 702 miserum
680 551 841 702 famlisuln
864 636 941 702 lecit
964 637 1098 720 flagitiis
1121 641 1197 703 suis.

660 809 902 892 Lysidamus

221 915 293 1023 Non
316 918 432 983 taees‘?

690 1053 875 1138 Olympio

465 1161 539 1227 Non
562 1161 669 1228 herole
692 1185 773 1228 uero
796 1169 910 1242 taeeo;
933 1185 1007 1228 nam
1030 1171 1067 1228 tu
1090 1186 1244 1230 maxumo

219 1273 271 1338 lle
296 1272 515 1339 obsecrauisti
537 1291 643 1353 opere,
673 1270 824 1336 Casinam
852 1278 889 1334 ut
917 1291 1085 1354 poscerem
1108 1295 1240 1338 uxorem
1264 1277 1368 1341 mihi

219 1381 280 1446 Tui
303 1382 423 1447 amoris
446 1400 553 1445 causa.

659 1499 905 1607 Lysidamus

598 1631 667 1714 Ego
690 1633 776 1696 istue
798 1631 883 1696 feei?

663 1801 901 1867 Cleostrata

904 1909 1005 1975 Immo
1029 1917 1160 1998 ecastor
1182 1913 1276 1994 prius
1296 1931 1362 1986 915

219 2021 265 2087 Te
288 2021 419 2105 quidem
442 2018 600 2100 oppressi.

661 2169 895 2255 Lysidamas
1119 2241 1121 2243 ,

640 2279 703 2346 Sed
725 2280 787 2345 feei
810 2300 870 2361 ego
893 2281 998 2346 istaec
1020 2302 1104 2364 quae
1127 2303 1186 2347 uos
1210 2282 1356 2351 dicitis?

665 2434 901 2501 Cleostrata

219 2547 357 2629 Rogitas
380 2548 503 2612 etiam?

661 2686 894 2771 Lysidamus

551 2797 584 2864 Si
607 2795 740 2880 quidem
761 2794 872 2859 hercle
894 2793 965 2874 feei,
988 2796 1051 2861 feei
1074 2797 1233 2880 nequiter.

660 2963 894 3032 Cleostrata

221 3078 303 3144 Redi
327 3078 425 3144 modo
448 3075 511 3140 hue
533 3075 636 3155 intro;
659 3074 807 3154 monebo,
830 3075 856 3140 si
880 3076 936 3159 qui
959 3076 1136 3140 meministi
1158 3077 1273 3142 minua.

658 3247 894 3330 Lysidamus

219 3358 337 3423 Hercle
360 3359 477 3440 opinor
499 3357 610 3441 potius
632 3355 728 3420 uobis
751 3355 881 3420 eredam
905 3356 992 3440 quod
1015 3378 1075 3421 uos
1099 3355 1215 3420 dieitis.

219 3467 282 3531 Sed
300 3488 391 3542 uxor,
416 3465 459 3530 da
477 3466 548 3530 uiro
567 3465 651 3529 hano
668 3465 807 3528 ueniam.
842 3463 1018 3548 Myrrhina,
1039 3485 1096 3529 ora
1108 3463 1342 3532 Cleostratam.

219 3575 252 3640 Si
286 3595 441 3658 umquam
481 3572 620 3658 posthae
658 3580 716 3654 aut
754 3593 884 3638 amasso
918 3572 1073 3638 Casinam
1112 3581 1169 3638 aut
1202 3594 1344 3657 oeoepso

933 3682 1039 3762 modo,
1288 3700 1339 3752 aar

304 3917 355 3971 919
373 3917 403 3970 in
421 3915 520 3970 hicum
538 3913 614 3969 BIE
681 3917 731 3968 919
749 3932 877 3968 maxume
938 3919 989 3969 914
1007 3916 1230 3970 ob...oesinem
1288 3918 1341 3971 915

219 4003 302 4038 eausa
321 4001 373 4050 ego
392 3983 468 4039 BIE
535 3985 620 4036 immo
639 3983 752 4037 heetore
771 3981 847 4037 ΒΙΕ
917 3984 979 4038 ilius
999 3984 1033 4047 A,
1053 3985 1128 4038 illius
1147 3983 1221 4038 ΒΙΕ
1288 3987 1340 4039 916

220 4078 367 4139 oppresset
384 4070 437 4124 feei
456 4071 489 4137 A,
510 4069 696 4138 oppressisset
714 4070 766 4123 feei
785 4068 864 4123 BIE
939 4071 994 4123 ista
1013 4071 1073 4122 haee
1093 4071 1168 4124 diota
1186 4087 1248 4139 quas
1266 4070 1344 4126 BIE

219 4157 270 4207 918
288 4155 424 4222 siquidem
444 4156 518 4211 BIE
600 4173 645 4210 me
663 4155 825 4227 minuistiI
911 4157 962 4210 920
980 4155 1016 4208 da
1033 4172 1084 4210 om.
1103 4156 1128 4208 A
1218 4173 1284 4210 uero
1302 4155 1339 4223 Β,

220 4242 281 4293 niro
300 4238 331 4292 E
397 4243 444 4293 921
464 4243 582 4308 posthae
600 4247 632 4295 ut
650 4259 758 4295 amasso
776 4239 806 4294 Ε
