2970 5006
268 393 330 452 270
467 439 470 444 ,
753 384 894 454 Epidicus.

267 585 424 658 ceterique.
447 611 483 621 -
503 575 730 656 parenticidam
753 599 854 638 rerum
878 599 940 638 esse
961 583 1075 656 nequit,
1103 581 1187 640 nullo
1210 581 1288 638 enim
1310 585 1374 640 arti-

266 683 332 744 fieio
362 685 438 743 effici
466 689 580 760 potest,
614 687 649 741 ut
669 681 811 760 Epidicus
833 682 1008 759 Periphauis
1031 687 1118 759 pater
1139 681 1203 742 fiat.
1260 684 1375 742 Accedit

268 787 348 865 quod
378 787 432 846 hoc
460 806 564 846 nomen
594 805 649 863 per
675 805 706 842 se
736 785 901 844 admirandi
930 804 1046 844 causam
1079 785 1190 844 nnllam
1223 789 1375 866 preberet.

266 891 321 948 llic
349 893 475 968 apparet
501 890 631 964 positum
658 887 749 972 tuisse
777 907 883 946 nomeu
906 907 980 946 nove
1004 887 1118 960 fiotum,
1152 907 1184 946 ac
1214 895 1315 950 tamen
1341 894 1377 948 its

266 993 378 1065 fictum,
401 998 434 1050 ut
456 991 542 1050 facila
565 990 796 1066 intelligeretur,
825 993 962 1066 quoniam
985 990 1144 1067 explicatio
1166 1010 1227 1050 non
1251 991 1376 1052 additur.

267 1091 417 1168 (Seyffert.
435 1092 519 1152 Stud.
543 1113 572 1170 p.
599 1095 636 1151 16
659 1091 845 1151 intercidisse
867 1093 954 1171 plura
975 1079 1138 1164 cr'susebat.)
1182 1092 1261 1164 Quid
1284 1093 1377 1166 fuerit,

267 1195 428 1254 difficulter
446 1195 612 1267 divinatum
636 1195 688 1253 sed
704 1196 823 1254 omuino
839 1193 1075 1272 improbandum,
1099 1195 1178 1272 quod
1195 1203 1266 1272 post
1282 1196 1377 1256 Came

268 1300 377 1356 iunium
400 1299 507 1370 editur,
534 1293 796 1375 ,pereuticidam“,
820 1298 895 1356 male
917 1297 1074 1354 formatum
1096 1297 1135 1354 ad
1157 1297 1378 1358 similitudinem

265 1402 349 1459 verbi
381 1399 543 1477 „perat'sm“
568 1419 597 1457 v.
622 1402 697 1472 351,
737 1419 827 1476 quum
855 1399 930 1458 nihil
958 1401 1082 1458 rationis
1115 1401 1192 1458 iuter
1224 1408 1378 1480 utrumque

267 1503 441 1562 intercedat.
498 1503 562 1562 Hoc
591 1502 709 1581 quidem
739 1521 803 1560 cum
832 1501 1076 1562 antecedentibus
1104 1503 1288 1579 iungendum
1318 1526 1378 1564 esse

268 1611 361 1683 petet.
406 1607 546 1684 Suspicor
568 1606 659 1664 fuisse
675 1601 913 1679 partetier'dam
936 1606 978 1663 ait
1000 1625 1031 1663 se
1052 1609 1168 1681 tergum
1190 1625 1277 1666 suum
1298 1607 1379 1666 flocci

165 1783 170 1793 Ι
266 1711 362 1768 lucere
390 1713 421 1767 et
441 1709 567 1768 verbero
587 1714 648 1766 tam
677 1713 849 1768 constanter
871 1708 1080 1779 toleraturum,
1103 1713 1153 1780 nt,
1176 1727 1270 1784 quum
1293 1731 1379 1769 senex

267 1831 299 1870 se
322 1811 472 1884 verberet,
505 1812 664 1888 parietem,
692 1828 752 1868 uon
780 1809 929 1869 homiuem
955 1830 986 1868 se
1009 1809 1120 1872 cedere
1142 1812 1252 1870 credat.
1298 1813 1377 1874 Stra-

266 1913 413 1991 tippocles
436 1917 595 1973 novitatem
618 1913 701 1970 verbi
723 1915 866 1988 miretur3
889 1931 990 1972 servus
1009 1912 1178 1990 respondet,
1201 1935 1233 1972 se
1254 1911 1379 1994 ealyuta

266 2014 357 2077 verba
385 2018 520 2077 fastidire
549 2009 599 2092 (of.
622 2004 729 2074 Pseud.
757 2017 831 2074 123:
870 2015 941 2090 „Pe
970 2015 1014 2074 De
1041 2017 1115 2074 istae
1142 2035 1176 2075 re
1205 2017 1236 2076 in
1264 2021 1378 2078 oculum

267 2123 413 2180 utrumuis
437 2109 650 2196 conquiescito.
695 2117 754 2178 CA.
783 2119 889 2180 Utrum
911 2119 1027 2176 oculum
1050 2139 1087 2176 an
1109 2119 1231 2200 aurern?¹
1263 2115 1318 2181 ΡΒ.
1340 2125 1379 2181 At

265 2223 319 2282 hoc
340 2224 577 2301 peruolg‘atumet
599 2217 725 2280 minus.“
770 2221 877 2280 Bacch.
902 2218 1010 2295 1070),
1038 2222 1196 2299 pergitque
1224 2225 1255 2282 in
1278 2203 1378 2284 addens

266 2325 382 2388 dicendi
410 2329 527 2385 ratione
554 2343 583 2384 v.
608 2326 684 2396 351,
712 2323 763 2382 ubi
786 2321 972 2382 Camerarius
999 2325 1162 2382 rectissime
1181 2325 1323 2400 petatem
1351 2336 1380 2387 et

266 2423 396 2504 soll-item
418 2429 547 2506 scripsit.
596 2425 738 2506 Epidicus
765 2429 810 2486 ait
837 2447 870 2484 se
892 2447 950 2486 non
978 2428 1022 2485 ita
1047 2427 1149 2485 herum
1179 2427 1303 2488 ductare
1334 2432 1380 2489 vel

267 2499 414 2604 fritudare,
436 2537 472 2591 ut
488 2549 574 2608 peras
592 2532 619 2587 ei
638 2529 774 2606 eriperet,
792 2529 843 2587 sed
861 2533 895 2587 ut
911 2529 998 2588 tolles
1014 2530 1140 2607 ingentia
1157 2533 1379 2608 magnitudinis.

268 2633 325 2692 Sed
343 2634 526 2692 Camerarius
550 2633 681 2711 reliquit,
705 2631 784 2712 quod
807 2633 838 2691 in
861 2631 945 2692 codd.
964 2638 1017 2704 eat,
1044 2631 1213 2706 ,ductare“,
1238 2637 1323 2712 quusi
1345 2636 1380 2694 ad

270 2733 537 2812 ,0010010ιο00ιι
560 2737 744 2813 appositum,
778 2755 881 2792 verum
901 2731 1063 2813 „peratim“
1085 2753 1138 2792 neo
1159 2735 1315 2810 vulgatum
1337 2745 1380 2796 est

268 2859 321 2896 nec
342 2839 441 2911 uerba,
464 2840 517 2898 sed
538 2837 629 2896 unum
646 2837 780 2896 verbum.
824 2837 954 2897 Weisius
975 2833 1155 2920 „ductitate¹‘
1176 2837 1304 2916 scripsit,
1329 2859 1379 2917 ego

267 2937 424 3014 ductaree,
455 2961 494 3000 sc.
518 2943 543 3000 si
566 2947 649 3000 tuum
672 2937 799 2998 officium
822 2945 913 3012 esset,
947 2945 983 2999 ut
1004 2944 1159 3015 argentum
1183 2959 1378 3018 comparares.

267 3042 334 3100 Non
355 3045 549 3103 necessarium
573 3043 706 3115 videtur,
737 3048 771 3100 ut
796 3039 865 3118 „tu“
890 3042 1032 3114 addatur,
1062 3043 1098 3102 ct.
1123 3039 1210 3102 Most.
1236 3046 1284 3103 56.
1310 3047 1378 3104 879.

267 3143 333 3204 Ter.
357 3145 426 3204 Hso.
453 3148 526 3204 541:
565 3146 676 3218 ,multo
699 3149 783 3222 prius
805 3147 879 3204 sciui
901 3165 989 3222 quam
1011 3142 1074 3203 tu“.
1110 3145 1187 3205 844:
1214 3148 1322 3219 „timeo
1344 3168 1378 3205 ne

267 3246 481 3304 aliud'credam
500 3253 588 3324 atque
606 3247 691 3307 aliud
709 3246 857 3307 nunties“.
903 3248 974 3307 Sall.
991 3247 1053 3324 Ing.
1073 3251 1122 3319 85,
1144 3250 1198 3307 14:
1230 3257 1375 3324 „contem-

267 3353 342 3410 nunt
364 3350 524 3410 novitatem
546 3370 650 3422 meam,
675 3369 729 3428 ego
752 3352 870 3410 illorum
893 3349 1072 3428 ignaviam“.
1116 3350 1189 3409 Hor.
1207 3351 1264 3429 Ep.
1288 3353 1326 3424 Π,
1350 3355 1375 3423 1,

268 3453 321 3510 91;
359 3451 513 3526 „Carmina
538 3454 762 3530 compono,'hic
781 3450 911 3530 elegos“.
960 3453 1062 3512 Malim
1089 3457 1203 3525 tamen,
1234 3456 1292 3512 ιιὶι
1318 3461 1375 3512 tam

266 3555 353 3627 longe
380 3574 397 3612 a
427 3555 510 3614 codd.
534 3555 718 3614 abhorreret:
756 3555 904 3630 „Peratim
927 3557 979 3642 alii
1006 3554 1141 3628 (1001001,
1176 3573 1232 3628 ego
1260 3555 1374 3615 tollitiru

267 3654 449 3716 ductitabo“.
468 3687 510 3697 -
528 3660 597 3717 35¹2.
620 3652 744 3730 recolui,
768 3658 804 3717 cl.
827 3659 896 3717 144.
915 3687 956 3698 --
981 3661 1051 3717 353.
1075 3657 1198 3716 Versum
1221 3653 1374 3717 manifesto

266 3760 411 3834 spurium,
443 3737 539 3838 quem'
556 3766 586 3818 et
612 3763 729 3818 numeri
759 3766 923 3838 coarguunt
953 3765 983 3818 et
1005 3759 1098 3818 verba
1120 3779 1155 3817 ex
1177 3777 1225 3818 vv.
1250 3762 1310 3820 367
1332 3780 1372 3834 aq.

266 3862 373 3936 petite,
407 3861 493 3919 eiecit
521 3862 632 3921 Ritsch.
656 3863 769 3940 Proleg.
794 3884 823 3940 p.
849 3861 948 3922 CLVI.
971 3891 1012 3902 -
1043 3863 1113 3922 355.
1146 3854 1276 3935 Inveni,
1304 3877 1373 3922 nam

265 3963 299 4020 R.
322 3963 432 4021 Mttller
453 3965 561 4042 partim
584 3967 785 4041 preeuntibus
813 3966 889 4025 aliia.
945 3966 1004 4025 Sed
1033 3966 1235 4024 narrationem
1262 3964 1370 4022 fraudis

266 4085 343 4137 eom,
368 4084 432 4140 qun
455 4071 565 4138 exstat,
596 4061 810 4144 Stratippocles
832 4069 999 4142 intelligere
1021 4087 1081 4126 non
1103 4068 1217 4143 potuit,
1252 4052 1371 4144 apparet

180 4207 183 4214 ⁴
266 4168 408 4225 excidisse
431 4167 556 4242 aliquid,
580 4168 706 4228 tortasse
729 4170 788 4227 duo
811 4190 921 4244 versus,
944 4177 978 4228 ut
1000 4170 1059 4228 tale
1081 4167 1153 4244 quid
1175 4169 1282 4228 fuerit:
