3030 5050
230 640 417 710 quantopere
445 653 481 692 ex
510 654 570 692 uno
598 635 621 692 B
650 637 748 692 omnia
776 633 950 712 penderent.
1007 633 1052 692 De
1081 633 1183 692 codice
1213 633 1238 692 Ε
1267 655 1359 712 expo·

231 742 355 794 suerunt
372 736 508 795 Lcewius
531 742 562 795 et
579 737 718 796 Goctzius
742 738 771 794 in
790 737 895 794 Museo
915 735 1058 794 Rhensno
1080 737 1160 796 1879
1184 757 1212 814 p.
1234 739 1272 796 53
1291 757 1358 814 sqq.

231 845 261 896 et
293 840 323 896 in
357 839 535 916 prelatione
564 838 766 910 Curculionis,
808 841 839 896 i'n
867 839 1014 898 Asinarite
1049 844 1147 898 autem
1181 841 1361 915 prestatione

231 942 304 999 duas
334 943 397 999 eins
425 943 551 1016 paginus
584 935 645 1016 (vv.
671 935 854 1016 296-370)
888 941 1126 1018 photograpbica
1160 947 1225 1000 arte
1258 944 1359 1017 expri-

231 1044 355 1102 mendas
377 1049 528 1102 curarunt.
574 1045 833 1102 Accuratiseimam
858 1045 922 1102 eius
945 1044 1134 1103 collationem
1157 1047 1217 1104 mei
1234 1043 1359 1102 honoris

232 1166 323 1204 osnes
360 1147 487 1204 confecit
515 1147 708 1204 amicissimus
737 1144 923 1204 Christianus
949 1133 1149 1220 Joergensen‚
1184 1145 1237 1205 sed
1265 1165 1358 1222 quum

231 1248 324 1306 codex
346 1267 426 1325 sssps
449 1253 480 1306 et
502 1269 520 1306 a
542 1248 643 1306 multis
666 1255 818 1306 correctus
842 1250 890 1321 sit,
922 1248 1065 1307 hocloco
1088 1268 1124 1307 es
1145 1253 1261 1307 tantum
1285 1247 1357 1306 affe·

230 1351 323 1410 renda
346 1352 427 1422 duxi,
451 1370 516 1426 quea
538 1353 636 1428 prima
659 1369 747 1408 maun
769 1352 882 1427 scripta
904 1357 975 1410 sunt
996 1355 1048 1410 sut
1070 1351 1173 1410 saltem
1196 1350 1358 1409 abeodem

230 1453 354 1512 librario
377 1453 536 1512 emendate
557 1452 705 1512 ridentur.
756 1453 912 1512 consentit
934 1457 1034 1512 sutem
1057 1454 1105 1511 bio
1126 1453 1220 1512 codex
1242 1455 1272 1513 in
1294 1453 1356 1531 ple·

230 1557 330 1632 risque
354 1576 419 1614 cum
443 1555 482 1628 B,
516 1559 613 1614 rarius
638 1555 674 1614 ab
697 1575 733 1613 eo
757 1555 931 1634 discrepans
953 1576 1018 1615 cum
1041 1555 1070 1626 1,
1105 1555 1157 1614 sed
1188 1552 1254 1613 etl
1277 1559 1309 1612 et
1332 1554 1358 1612 E

229 1664 291 1716 tam
311 1677 407 1735 prope
426 1658 463 1716 ad
481 1659 505 1716 B
523 1657 669 1716 secedunt
685 1659 732 1716 vel
749 1660 781 1717 in
798 1659 918 1716 minutis
941 1659 1093 1717 erroribus
1115 1659 1162 1718 uel
1186 1660 1217 1716 in
1239 1657 1358 1715 lacunis

185 1773 190 1786 ·
231 1765 261 1818 et
284 1780 384 1820 earum
408 1762 514 1838 spatiis
536 1760 718 1832 indicandis,
747 1766 781 1819 ut
807 1763 935 1837 primum
964 1763 1091 1820 intuenti
1120 1760 1191 1818 inde
1212 1759 1359 1836 descripti

230 1865 402 1937 videantur3
435 1862 488 1922 sed
511 1862 630 1922 obstant
652 1865 739 1940 pauci
763 1863 884 1939 qnidam
907 1864 979 1938 loci,
1011 1865 1138 1922 maxime
1161 1863 1257 1922 Oasin.
1283 1865 1358 1935 931,

229 1967 280 2023 ubi
303 1965 409 2024 lacuna
431 1967 542 2024 codicis
566 1965 590 2023 B
613 1985 650 2023 ex
672 1966 793 2039 ceteris,
823 1966 1000 2042 quibuscum
1030 1967 1119 2024 etism
1143 1967 1169 2023 Δ
1198 1967 1358 2038 consentit,

229 2069 376 2145 expletur.
433 2067 531 2138 Quere
559 2069 749 2127 statuendum
777 2067 909 2140 videtur,
943 2067 1010 2128 Ict
1032 2067 1057 2127 Ε
1080 2088 1139 2128 nou
1168 2089 1204 2128 ex
1232 2071 1297 2146 ipso
1322 2069 1358 2142 B,

228 2171 282 2228 sed
305 2191 342 2228 ex
364 2169 464 2228 codice
487 2171 575 2246 plane
597 2173 714 2248 gemino
732 2171 881 2230 derivatos
898 2189 976 2244 esse3
1000 2171 1117 2230 librarii
1135 2171 1359 2230 autemdecimi

228 2279 281 2331 sut
302 2271 449 2332 undecimi
471 2275 570 2331 saecnli
594 2278 706 2350 quanta
729 2293 800 2332 oure
821 2293 884 2332 rem
907 2277 1033 2350 egerint,
1061 2276 1134 2335 satis
1165 2273 1268 2331 mirari
1291 2291 1352 2330 non

228 2395 396 2453 possumus.

315 2479 462 2536 Absoluto
485 2480 544 2536 iam
568 2482 634 2537 toto
657 2497 747 2553 opere
770 2477 900 2537 officium
923 2485 1016 2538 restat
1038 2479 1290 2554 iucundissimum,
1321 2485 1359 2538 ut

230 2583 348 2648 amicis,
378 2583 430 2656 qui
458 2601 504 2639 ms
531 2582 562 2638 in
586 2581 693 2638 Plauto
716 2580 829 2639 edendo
852 2587 995 2660 operest
1017 2583 1141 2640 consilio
1166 2581 1358 2656 adiuverunt,

229 2690 374 2760 quantum
393 2683 529 2754 debeam,
546 2689 634 2759 grato
652 2687 750 2742 auimo
767 2703 934 2761 agnoscam,
958 2677 1356 2761 ChristianoJocrqemen

229 2785 337 2844 echols
357 2785 599 2862 Metropolitanus
622 2789 765 2860 magistro
789 2789 940 2859 adiuncto,
964 2792 1049 2847 cuiue
1067 2807 1157 2864 supra
1174 2790 1355 2848 mentionem

229 2889 295 2963 feci,
319 2896 349 2946 et
371 2889 491 2964 collegis
514 2889 713 2962 amicissimis,
749 2883 799 2948 M.
828 2884 861 2950 0.
890 2885 1033 2964 (derisio,
1064 2911 1151 2968 quem
1175 2895 1301 2949 maxime
1325 2893 1356 2950 in

229 2993 317 3067 primi
337 2992 496 3051 voluminis
513 2994 727 3050 commentario
746 2995 853 3070 seepius
870 2995 1029 3069 nominavi,
1048 2998 1078 3054 et
1093 2989 1205 3056 Oscari
1217 2987 1353 3070 siesbye,

230 3095 277 3152 cui
299 3101 363 3151 tum
386 3095 513 3166 demum,
543 3095 568 3152 si
590 3113 644 3170 per
666 3095 840 3153 modestiam
864 3097 928 3154 eius
951 3095 1050 3170 toties,
1072 3099 1192 3173 quoties
1215 3096 1280 3156 lieri
1303 3098 1354 3156 de·

229 3196 331 3269 bebnt,
354 3215 461 3256 nomen
484 3198 547 3254 eins
569 3195 674 3255 afferre
702 3198 847 3270 licuisset,
877 3201 973 3257 iustus
1001 3199 1095 3258 honor
1121 3200 1215 3258 tribui
1242 3205 1355 3276 posset.

228 3298 298 3376 lpse
320 3304 419 3357 antem
442 3299 516 3375 qnid
538 3298 609 3357 mibi
633 3302 850 3378 proposuerim,
877 3304 908 3359 in
931 3301 1151 3378 prolegomenis
1174 3307 1204 3360 et
1226 3301 1257 3359 in
1279 3321 1354 3380 prte-

229 3401 340 3458 fstione
369 3401 492 3460 secundi
519 3401 677 3460 voluminis
705 3403 777 3460 satis
804 3404 943 3462 indicavi.
994 3403 1172 3462 desecatum
1202 3423 1268 3463 esse
1295 3423 1354 3474 me,

229 3503 310 3578 quod
333 3503 489 3577 voluerim,
512 3505 635 3563 multum
660 3505 745 3563 abest
767 3512 802 3564 ut
823 3505 957 3579 credam;
980 3507 1005 3564 si
1028 3506 1129 3582 aliqua
1150 3507 1267 3564 ratione
1290 3511 1354 3564 stn-

229 3605 321 3664 diosis
343 3607 422 3664 viem
445 3607 621 3679 ostendisse,
651 3609 676 3664 si
705 3607 819 3682 aliquid
847 3609 894 3665 vel
925 3605 962 3664 ed
984 3613 1101 3666 textum
1123 3609 1222 3666 Plauti
1245 3611 1354 3666 consti·

229 3709 386 3782 tuendum,
413 3710 461 3768 vel
489 3709 526 3767 ad
554 3714 674 3787 poetnm
704 3708 919 3785 lepidissimum
942 3709 1168 3787 intelligendum
1192 3711 1355 3770 contulisse

228 3810 360 3884 videbor,
384 3815 626 3870 contentusero.

315 3957 433 4012 flauniae
451 3976 475 4012 a.
495 3958 521 4012 n.
540 3959 564 4010 v
585 3959 645 4014 usi.
662 3959 753 4013 suia
772 3959 1058 4017 nucccuxxxvu.
1145 3923 1148 3928 ¹

1011 4115 1041 4186 l.
1066 4115 1098 4187 L
1123 4115 1266 4208 Ussing.
