2976 5018
253 423 311 482 150
754 411 861 467 Casino.

335 610 406 667 494.
431 607 607 682 Lysidemue
630 627 694 666 cum
714 606 861 665 Alcesimo
883 608 980 664 vicino
1003 625 1065 678 suo,
1090 605 1171 680 quod
1196 628 1262 664 eum
1288 613 1377 664 entes

250 717 416 788 rogaverat,
439 712 547 769 iterum
570 711 642 784 egit,
665 713 700 768 ut
722 708 780 767 sibi
804 707 881 767 edes
904 727 972 767 sues
994 707 1103 767 trudet.
1150 708 1244 782 Nunc,
1269 710 1377 786 inquit,

249 814 379 892 perspici
401 815 524 891 poterit,
549 832 637 888 quem
662 811 772 869 amicus
795 810 867 867 mihi
890 813 941 882 sie,
971 814 1070 868 utrum
1094 811 1179 868 amici
1203 831 1240 870 en
1264 813 1377 869 inimici

249 918 378 994 speciem
396 935 493 991 geres.
537 908 670 973 amicisve
692 927 733 972 are
751 911 885 971 Guietus.
898 941 938 952 -
957 914 1029 972 495.
1052 909 1207 988 specimen
1229 910 1379 989 speciber,

249 1019 402 1079 remmon
424 1011 572 1093 ommim,
595 1015 734 1074 Plautino
756 1015 941 1076 ellitteretio.
995 1013 1084 1073 Most.
1107 1017 1181 1073 128:
1209 1018 1381 1093 „specimen

250 1117 413 1182 cernitur“.
431 1149 473 1158 -
491 1121 562 1179 496.
591 1111 657 1178 Cur
674 1131 783 1187 amm,
806 1131 855 1174 me
877 1119 995 1193 egregie
1017 1119 1186 1178 emendavit
1205 1119 1381 1176 Buecheler.

251 1224 294 1283 Cl.
319 1221 416 1280 Hand.
434 1220 561 1280 Turseli.
580 1220 608 1278 Π
630 1240 660 1296 p.
682 1221 750 1278 177,
774 1247 816 1258 -
838 1215 875 1278 id
896 1219 1036 1293 abundet,
1061 1241 1088 1278 v.
1107 1221 1144 1278 ed
1162 1219 1270 1279 Pseud.
1287 1223 1380 1279 1087.

251 1354 293 1366 -
321 1319 549 1398 compendium,
574 1323 610 1382 cl.
633 1324 716 1382 Asin.
741 1323 812 1381 305.
835 1349 877 1362 -
905 1321 976 1381 497.
1006 1319 1151 1381 coaddilo
1179 1325 1251 1382 olim
1280 1343 1381 1382 emen·
1486 1394 1487 1397 Ἰ

251 1429 364 1488 dotum.
401 1453 438 1466 -
476 1427 545 1484 501.
582 1419 628 1485 Ob
650 1423 787 1500 Seyffert.
811 1423 919 1482 Philol.
942 1423 1043 1482 XXIX
1071 1444 1100 1500 p.
1126 1427 1186 1484 394
1212 1432 1246 1484 ut
1269 1427 1381 1486 Pseud.

253 1529 330 1600 9913
354 1549 421 1586 nem
443 1525 545 1601 „Eho“
566 1528 782 1599 interrogantis
805 1531 857 1584 ent
878 1527 1027 1584 hortantis
1048 1533 1102 1599 est,
1127 1547 1187 1586 non
1210 1530 1382 1605 probantis.

249 1659 292 1670 -
328 1631 398 1690 502.
441 1629 625 1706 Corruptelae
659 1629 793 1688 codicum
828 1629 968 1688 subvenit
990 1627 1096 1688 Festus
1126 1649 1154 1706 p.
1186 1632 1264 1690 310:
1308 1631 1383 1704 „Su-

252 1727 355 1810 [trium
380 1733 465 1808 quesi
488 1737 571 1804 eunt,
595 1723 716 1808 ut]ique
739 1734 769 1789 in
792 1731 987 1808 proverbium
1011 1724 1100 1808 [abiit
1122 1753 1157 1790 cx
1180 1733 1236 1792 hec
1260 1733 1383 1808 ceusu]

252 1836 367 1894 Gallico
390 1828 536 1912 tu[multu
554 1825 719 1910 quon]dem
737 1835 867 1891 edictum
885 1839 940 1904 est,
960 1834 1091 1906 legiones
1103 1834 1197 1892 Sutrii
1214 1845 1250 1894 ut
1266 1843 1383 1914 prosto

253 1942 353 1996 essent
381 1957 446 1995 cum
474 1935 539 1995 cibo
567 1955 629 1996 suo.
686 1937 772 2008 Quod
800 1937 937 2014 usurpari
962 1943 1097 2012 coeptum
1120 1942 1167 1996 eet
1189 1941 1221 1997 in
1243 1941 1294 2012 iis,
1329 1945 1385 2017 qui

252 2042 314 2099 suis
342 2039 431 2098 rebus
459 2038 624 2116 opibusque
653 2037 752 2097 officie
786 2041 823 2096 iis
856 2044 1046 2116 praeeterent,
1082 2039 1190 2114 quibus
1225 2041 1381 2099 deberent.

253 2143 393 2201 Plautus:
429 2141 486 2200 Sed
515 2140 605 2200 lecito
634 2141 704 2200 dum
732 2141 849 2199 merulo
877 2161 1035 2217 peruersus
1064 2143 1144 2218 quod
1175 2151 1279 2202 cantet
1301 2146 1385 2202 coles

253 2266 320 2304 cum
343 2264 396 2304 suo
420 2245 526 2319 cuique
549 2245 640 2302 lecito
662 2250 696 2302 ut
717 2244 842 2302 uenient
859 2246 945 2321 qussi
963 2249 1033 2303 eant
1050 2243 1211 2319 Sutrium.“
1249 2247 1384 2306 Abiectis

253 2350 319 2407 eliis
342 2349 492 2406 editorum
515 2347 684 2418 conatibus,
719 2346 801 2404 velut
822 2345 983 2404 Camerarii
1007 2352 1038 2404 et
1062 2347 1197 2405 Lambini
1236 2348 1381 2423 „Colex“‚

254 2469 312 2525 quo
345 2468 502 2527 personum
534 2449 681 2508 Naevienae
714 2447 823 2507 lebulae
856 2449 981 2525 intelligi
1010 2448 1164 2522 volebant,
1198 2449 1305 2509 Festus
1334 2473 1381 2508 se·

252 2553 388 2628 quendus
411 2556 465 2624 est,
490 2551 577 2608 modo
601 2570 666 2608 cum
684 2550 835 2627 Gepperto
857 2545 1009 2610 mercorio
1030 2550 1151 2624 scribes,
1174 2572 1242 2610 nem
1266 2555 1380 2611 merula

251 2673 307 2730 per
329 2671 433 2712 versus
455 2672 560 2711 canere
583 2673 641 2710 non
659 2660 773 2729 potest;
797 2659 826 2710 ct
847 2655 877 2710 in
895 2653 1025 2710 Turnebi
1043 2652 1142 2711 codice
1160 2661 1226 2711 eret
1241 2655 1384 2724 ,Maeoni

252 2775 326 2834 aper
348 2752 482 2814 uersus“.
540 2754 646 2812 Verum
673 2773 746 2830 „per
775 2750 898 2813 uersus“
929 2775 998 2812 num
1027 2775 1083 2832 pro
1116 2753 1288 2826 „versibue“
1320 2757 1382 2814 dici

252 2861 363 2937 possit,
393 2857 582 2916 vehementer
610 2856 730 2928 dubit03
766 2857 840 2916 illud
868 2863 1009 2937 apparet,
1045 2857 1082 2916 de
1110 2877 1170 2916 uno
1199 2878 1288 2916 versu
1310 2860 1380 2934 pln-

252 2963 344 3022 relem
368 2961 439 3039 poni
461 2979 520 3020 non
542 2960 691 3017 debuisse.
745 2959 852 3035 Itaque
870 2975 1045 3034 permoreris
1068 2981 1126 3018 une
1149 2979 1206 3017 vox
1230 2967 1284 3032 est,
1308 2981 1381 3038 per-

253 3084 332 3137 sone,
357 3065 414 3124 nisi
436 3062 534 3134 fallor,
559 3061 665 3120 lebuloe
689 3061 813 3118 elicuius
837 3067 924 3135 notre,
949 3083 982 3120 ec
1007 3064 1065 3122 503
1090 3081 1194 3122 versus
1217 3064 1382 3124 comoedioe

253 3166 377 3224 alicuius
406 3166 540 3236 videtur,
574 3169 609 3221 ut
637 3163 756 3221 Trucul.
782 3164 853 3222 922.
910 3163 955 3222 De
983 3164 1201 3238 significatione
1228 3169 1311 3225 vocis
1343 3168 1380 3226 cf.

253 3267 290 3325 ed
312 3267 432 3326 Trucul.
455 3269 524 3326 151.
554 3295 594 3306 -
629 3266 701 3324 503.
729 3280 787 3324 suo
810 3265 899 3324 Festo
922 3265 1058 3325 debetur.
1113 3263 1256 3344 „quiqui“
1288 3288 1380 3344 quum

252 3369 327 3428 nihil
366 3374 457 3440 esset,
497 3369 567 3426 olim
603 3365 750 3444 „quique“
794 3367 981 3426 emendatum
1021 3375 1082 3442 est,
1123 3370 1177 3428 sed
1217 3371 1381 3446 singularis

251 3470 407 3549 ponendus
441 3475 505 3528 eret
541 3467 703 3547 „quisque“
738 3477 773 3528 ut
807 3469 900 3529 Stich.
936 3471 1007 3531 686.
1070 3471 1125 3530 Hic
1161 3491 1279 3549 quoque
1313 3493 1379 3532 curn

252 3576 343 3634 Festo
366 3569 501 3650 quoique
523 3573 720 3644 scribendum,
749 3576 768 3632 i.
793 3595 817 3631 e.
842 3575 991 3649 cuiusque,
1016 3593 1042 3630 v.
1067 3574 1105 3631 ed
1128 3573 1260 3634 Trinum.
1288 3577 1378 3634 1126.

252 3677 337 3748 Quod
366 3695 435 3735 vero
464 3676 597 3735 Sutrium
626 3680 730 3733 cuntes
758 3695 843 3734 suum
873 3674 930 3733 sibi
958 3676 1056 3734 cibum
1086 3675 1192 3733 efferre
1225 3677 1378 3748 iubentur,

252 3782 313 3838 sine
337 3779 428 3839 dubio
452 3799 512 3837 non
535 3777 572 3837 cd
596 3777 743 3836 Gallicum
770 3780 946 3846 tumultum,
977 3779 1029 3836 sed
1057 3777 1094 3835 ed
1117 3779 1248 3852 inopiam
1271 3780 1380 3838 miselli

253 3883 356 3961 oppidi
386 3879 575 3940 referendum
604 3885 659 3938 est.
694 3909 727 3919 -
770 3880 839 3938 504.
876 3877 921 3938 te.
937 3875 1080 3940 mullum
1109 3876 1224 3940 secem
1251 3877 1382 3941 scilicet

252 4004 307 4042 em.
331 3984 411 4042 cem.
435 4002 471 4040 ex
494 3982 601 4042 Pseud.
628 3984 698 4040 752.
728 4011 770 4021 -
801 3985 871 4040 506.
905 3981 943 4042 ut
968 3983 1036 4042 edd.
1061 3984 1124 4042 cod.
1149 3983 1189 4055 Ε,
1219 3983 1272 4041 sed
1300 3983 1377 4042 linea

251 4086 330 4144 inlrc
352 4085 443 4144 ductu
477 4084 635 4143 delendum
665 4105 729 4143 esse
757 4085 935 4159 significavit
962 4086 1119 4158 librarius;
1153 4087 1255 4145 verius
1278 4093 1377 4144 mmen

252 4188 361 4246 vidisse
384 4187 512 4260 videtur,
536 4189 586 4264 qui
609 4187 686 4246 benc
709 4188 815 4245 lineam
838 4193 942 4264 postea
964 4188 1064 4247 eresit.
1096 4217 1137 4226 -
1167 4185 1285 4247 uooenl.
1320 4187 1376 4260 Qui

252 4291 321 4349 huic
355 4289 446 4348 verbo
481 4289 627 4368 duplicem
662 4293 720 4348 vim
755 4290 849 4348 inesse
882 4295 1003 4366 putent,
1037 4295 1072 4348 ut
1105 4291 1194 4348 etiem
1232 4289 1372 4363 „uecent“
