2970 5006
266 386 326 444 233
753 375 894 445 Epidicus.

263 567 427 652 plumbeis“
459 571 591 650 scripsit;
625 571 678 630 sad
710 592 797 648 quem
826 571 973 648 plumbeis
1000 573 1127 650 podibus
1155 593 1221 632 6666
1253 574 1385 633 dixsrint

192 659 199 674 ⁹
264 679 390 753 antiqui,
414 695 474 734 non
496 675 574 733 novi.
623 673 771 751 Equidem
794 695 853 732 uon
876 673 992 746 dubito,
1015 677 1088 752 quin
1104 671 1263 752 palmipes
1284 677 1384 748 fuerit,

263 781 283 840 i.
307 801 331 840 a.
356 799 425 838 anas
454 783 506 836 aut
528 797 627 848 auser,
656 797 683 834 v.
706 777 782 838 Pliu.
806 778 882 837 Hist.
906 782 967 836 nat.
989 777 1032 852 X,
1065 781 1111 852 ll,
1139 780 1185 852 13,
1211 782 1268 837 29:
1305 775 1385 868 'ivo-

263 875 374 958 lucros)
403 885 472 954 ,aut
490 879 620 940 aduncos
637 899 749 958 ungues
771 879 884 940 habant
902 885 954 938 aut
975 880 1086 957 digitos
1108 887 1160 940 aut
1182 881 1386 960 palmipedum

264 991 295 1046 iu
318 1003 427 1059 gonaro
451 988 521 1040 sunt
542 987 576 1042 ut
599 1001 717 1042 anseres
740 989 770 1041 61
792 981 1016 1060 aquatissimo
1039 981 1137 1042 aves.“
1162 1015 1205 1024 -
1228 987 1300 1044 628.
1334 981 1384 1056 16,

265 1087 422 1160 161666,
445 1105 473 1144 v.
493 1083 531 1142 ad
548 1085 633 1162 (lapt.
647 1087 724 1158 674,
747 1085 892 1145 camera.
917 1090 947 1144 61
970 1087 1075 1161 vulgo:
1102 1087 1161 1162 „Es
1184 1084 1385 1146 remoratus“.

264 1221 306 1232 -
330 1192 399 1248 629.
423 1182 550 1248 6666166
570 1201 618 1246 me
640 1185 729 1260 Cam,
752 1187 788 1246 61.
813 1187 851 1246 66
868 1187 936 1246 Aul.
958 1189 1027 1246 509.
1051 1219 1093 1228 -—
1116 1191 1187 1248 636.
1214 1183 1385 1249 Pernume-

264 1293 414 1366 ratumst3
447 1295 631 1350 numeratum
663 1295 817 1365 argentum
845 1289 925 1368 apud
954 1309 985 1348 so
1014 1293 1109 1350 iacars
1132 1291 1213 1350 dicit.
1236 1321 1274 1376 ᾗ·
1303 1287 1387 1352 Tene

264 1391 445 1456 cruminam.
465 1410 468 1424 ·
491 1393 660 1452 Cruminam
682 1393 709 1452 61
732 1391 832 1465 tradit,
855 1395 941 1453 utin
964 1413 1028 1452 sam
1050 1392 1135 1452 indat
1158 1401 1323 1469 argentum.
1343 1426 1386 1436 —

268 1500 443 1577 „Sapienter
464 1492 568 1555 uonia“
593 1499 766 1574 corruptum
789 1502 848 1568 ost;
871 1495 1383 1572 66166116616666116613666666

267 1601 443 1680 „Sapienter
474 1595 615 1672 monos“;
648 1599 854 1658 admirandam
887 1619 957 1658 6666
990 1601 1180 1676 sapientium!
1237 1601 1385 1678 Equidem

264 1705 385 1782 scripsi:
421 1698 507 1778 capit
539 1696 592 1780 (sc.
620 1701 817 1780 quadraginta
843 1703 951 1775 miuus,
986 1703 1018 1761 id
1047 1703 1125 1780 quod
1160 1704 1233 1762 mihi
1267 1701 1383 1780 dobes).

266 1802 327 1867 ST.
351 1801 405 1865 Aa
427 1805 460 1864 tu
481 1799 574 1866 aruis
599 1799 765 1880 0666661611

350 1911 421 1968 632.
444 1907 521 1966 Dum
539 1908 712 1967 adulescens
728 1907 806 1965 aedes
823 1909 923 1980 intrat,
941 1907 1084 1986 Epidicus
1103 1911 1236 1986 agnoscit
1253 1911 1384 1988 puellam

264 2013 344 2072 illam
379 2031 415 2070 ox
448 2011 550 2088 pracda
582 2015 711 2087 emptam
740 2009 915 2089 Periphanis
944 2009 1034 2070 filiam
1064 2032 1143 2085 esso,
1178 2031 1245 2091 qus
1274 2013 1384 2072 Thebis

263 2135 328 2174 cum
350 2119 444 2174 matre
465 2113 638 2172 habitasset.
692 2113 821 2172 Primum
845 2113 976 2186 dubitat,
1011 2135 1048 2174 an
1070 2135 1101 2172 66
1123 2115 1208 2174 fallat
1230 2116 1383 2174 oculorum

264 2221 350 2276 66166.
404 2215 523 2288 ,066116
544 2217 705 2275 utilitatem
729 2213 866 2275 obtineo“
892 2237 947 2295 pro
978 2214 1170 2291 „oculorum“
1196 2218 1302 2277 Latius
1324 2219 1382 2277 dici

265 2340 323 2379 non
342 2324 450 2398 potest.
485 2317 581 2377 Credo
599 2319 704 2378 fuisso:
728 2313 820 2378 Satin
838 2333 892 2396 666
912 2315 1011 2402 codis
1029 2321 1122 2380 utor?
1145 2317 1241 2380 aciem
1260 2319 1382 2398 optineo

263 2419 382 2482 siccem
403 2436 445 2480 cm
459 2422 600 2496 parum?
622 2452 665 2462 -
688 2423 747 2480 633
766 2427 797 2480 61
816 2423 853 2480 34
878 2424 908 2481 16
932 2422 1016 2482 6666.
1040 2425 1118 2482 inter
1140 2443 1171 2482 se
1192 2429 1380 2503 permutatos

264 2507 326 2584 6666
355 2524 507 2604 parspaxit
529 2525 648 2583 Brixius
670 2525 745 2584 Anu.
770 2524 841 2602 phil.
861 2525 899 2583 01
920 2547 949 2603 p.
967 2528 1038 2598 761,
1061 2546 1224 2603 varumque
1247 2529 1380 2588 ordinem

264 2632 295 2688 in
317 2630 344 2687 A
368 2627 577 2686 animadvortit
599 2625 792 2686 Studemund.
808 2625 926 2686 Studl
947 2648 976 2705 p.
998 2629 1047 2689 40.
1103 2629 1188 2702 Quod
1210 2651 1301 2708 quum
1323 2651 1380 2689 non
1469 2683 1470 2688 ,

264 2731 446 2789 intellectum
476 2735 569 2816 66661,
604 2751 640 2788 ex
662 2750 776 2804 erroro,
809 2732 914 2807 quiin
937 2731 960 2788 B
982 2738 1121 2810 apparat,
1149 2733 1179 2791 I:
1219 2739 1327 2804 „natan
1349 2754 1379 2791 66

264 2833 389 2906 Thebis,
418 2829 689 2909 Ε61666116616111
724 2854 776 2892 uec
805 2835 892 2892 alitor
909 2833 1077 2912 61666611,
1106 2837 1163 2894 6161
1185 2835 1266 2912 quod
1292 2843 1380 2909 „usta

264 2934 324 2996 es“.
347 2965 390 2976 -
420 2930 611 3012 Periphanai
633 2935 735 3007 Both.,
766 2937 802 2995 61.
826 2939 897 2995 247.
922 2967 959 2978 -
991 2941 1060 2998 636.
1090 2934 1209 2998 6064611
1234 2933 1323 3014 Quod
1343 2941 1377 3012 Α,
1468 2991 1469 2994 ,

264 3044 298 3097 61
320 3039 387 3097 666.
411 3040 488 3097 Auta
514 3032 604 3114 Quod
626 3035 750 3114 quidem
772 3041 905 3099 auditur:
938 3040 1023 3116 „Nou
1045 3039 1145 3100 uoui“.
1169 3071 1210 3082 -
1234 3043 1377 3100 637-36

263 3145 295 3200 16
317 3141 404 3200 codd.
426 3145 612 3217 permutatos
634 3161 697 3200 csso
720 3143 796 3200 vidit
818 3143 985 3215 Acidalius3
1008 3143 1118 3220 probat
1140 3143 1176 3201 A.
1222 3143 1378 3202 61166161-

264 3251 361 3303 terum
373 3264 488 3302 versum
502 3243 669 3302 Priscianus
680 3243 732 3316 1Π,
745 3265 774 3322 p.
791 3247 850 3304 616
862 3265 921 3321 sq.:
938 3264 1071 3320 ,666666
1084 3246 1234 3305 aureolus.
1257 3246 1378 3305 Plautus
1467 3305 1468 3338 Ξ

264 3350 296 3406 16
307 3347 448 3424 Epidico:
468 3347 599 3404 lunulam
613 3351 702 3424 atquo
714 3347 841 3406 anellum
854 3344 1024 3407 aureolum“
1039 3353 1069 3407 61
1079 3350 1187 3406 iterum
1200 3350 1290 3425 66616
1301 3355 1376 3427 post.

264 3443 424 3508 66661666
440 3450 541 3525 666116
558 3449 659 3507 collari
677 3449 826 3526 alligatam
844 3471 902 3509 non
920 3453 1084 3511 ornamenti
1101 3452 1196 3510 solum
1220 3472 1307 3511 causa
1328 3473 1376 3530 ge-

265 3557 356 3610 stasse
368 3552 496 3624 videtur,
516 3551 568 3610 ssd
581 3553 669 3612 stiam
681 3573 718 3612 66
729 3553 787 3612 6161
799 3560 919 3612 noceret
930 3555 1024 3612 malus
1036 3555 1137 3613 oculus
1150 3559 1203 3613 aut
1215 3555 1376 3628 fascinatio,
1466 3593 1467 3620 ι

264 3675 291 3713 v.
314 3655 431 3729 Ussing,
454 3653 624 3731 Erziehung
646 3675 675 3714 u.
698 3655 872 3716 Uutorrioht
893 3677 922 3733 p.
946 3658 996 3716 44.
1040 3657 1117 3716 Jahn
1144 3662 1175 3716 in
1199 3657 1326 3716 Bericht.
1349 3658 1376 3715 d.

265 3758 364 3816 Stchs.
387 3756 548 3816 Gesollsch.
575 3759 664 3826 1855,
693 3778 722 3835 p.
747 3759 796 3830 42,
820 3763 880 3818 not.
904 3760 954 3818 48.
983 3789 1025 3800 —
1053 3753 1220 3836 6161161661
1241 3761 1377 3820 (16616166

265 3880 319 3918 sm.
354 3889 396 3900 -
429 3862 488 3920 639
512 3880 556 3937 aq.
581 3858 750 3918 emendavit
772 3859 874 3920 Goctz.
899 3881 933 3919 ax
963 3863 1003 3934 A3
1036 3862 1088 3920 sod
1115 3864 1146 3920 in
1173 3864 1268 3922 altaro
1294 3883 1377 3924 versu

265 3962 327 4021 fors
349 3963 424 4024 nihil
446 3963 504 4037 logi
526 3963 634 4040 661611.
680 3963 815 4036 1663Α;
847 3961 966 4036 „tuust“
992 3965 1094 4024 Goetz.
1120 3995 1157 4006 -
1183 3968 1254 4024 641.
1278 3964 1377 4028 animo

265 4059 396 4141 liquidO,
420 4062 564 4124 61111661.
586 4067 656 4124 736.
678 4094 715 4104 -
742 4067 812 4124 643.
837 4061 1028 4126 occasionem
1050 4069 1093 4140 ut,
1113 4087 1140 4127 v.
1155 4069 1193 4126 66
1209 4067 1295 4146 Cspt.
1309 4071 1376 4128 256.

351 4169 420 4227 644.
445 4168 660 4245 Stratippocles
671 4166 751 4226 redit
762 4187 827 4226 cum
839 4173 972 4243 argento.
985 4199 1027 4210 —
1045 4171 1116 4228 645.
1140 4165 1272 4230 dubium
1285 4173 1376 4244 „situs
1464 4161 1465 4230 Ῑ

265 4269 390 4346 probum
413 4289 450 4328 66
472 4267 671 4347 improbum“,
695 4271 798 4329 Lamb.
821 4301 863 4312 —
886 4274 957 4330 646.
986 4269 1082 4346 enm,
1106 4292 1133 4331 v.
1156 4274 1194 4330 ad
1217 4275 1285 4332 Aul.
1309 4275 1375 4332 492.
