2982 5012
269 393 308 456 36
467 428 471 440 .
733 427 736 434 .
782 387 872 442 Plauti

268 577 394 663 Edepol
407 599 456 643 ue
479 578 586 642 istam¹
603 579 747 671 temperi·
766 583 866 660 gnato
889 583 945 643 tuo

268 688 387 752 Sumus
409 685 639 770 praemercati.

702 815 956 899 Periphanes

687 923 883 1002 mm?

715 1077 943 1162 Apoecides
1120 1137 1129 1152 ,

749 1167 752 1174 ’
925 1184 1217 1264 wmmm

267 1297 335 1362 lam
359 1295 482 1362 dudum
506 1315 541 1360 se
564 1295 648 1360 alius
670 1299 764 1359 tuum
787 1293 913 1360 uidisse
935 1293 987 1360 bic
1010 1292 1122 1358 filium.

266 1403 360 1470 Hane
382 1403 499 1487 edepol
522 1423 592 1468 rem
614 1401 807 1486 adparebat.

499 1539 539 1590 ⁰⁴
650 1579 671 1596 ⁴·
703 1543 965 1638 Periphanes

796 1663 933 1728 Planum
954 1660 1066 1728 hercle
1089 1661 1152 1728 hoc
1175 1662 1302 1746 quidem
1321 1665 1370 1724 est.

714 1807 740 1868 Α
778 1805 948 1870 occides

267 1915 317 1980 Ne
339 1923 376 1979 tu
398 1913 503 1979 habes
526 1929 655 1978 seruom
678 1827 871 1997 grapihicum
894 1921 925 1979 et
949 1915 1117 1998 quantiuis
1141 1915 1235 1997 preti.
1331 1923 1373 1977 tio

267 2023 339 2087 Nou
364 2031 476 2096 carust
499 2041 580 2086 auro
603 2027 728 2085 contra.
774 2021 816 2086 Ut
840 2021 895 2086 ille
918 2021 1080 2090 fidicinam

75 2163 78 2170 -
155 2213 157 2220 Ι
267 2131 381 2198 Facete
403 2127 480 2206 fecit
503 2130 647 2208 nescire,
672 2149 746 2194 esse
769 2137 912 2212 emptam
935 2129 1012 2196 tibi!

215 2319 222 2332 Ι
270 2238 320 2303 lta
341 2236 551 2304 ridibundam
575 2242 675 2319 atque
698 2236 839 2302 hilaram
861 2235 925 2303 huc
948 2238 1087 2303 adduxit
1110 2239 1215 2303 simul.

381 2439 382 2444 ,
709 2379 963 2464 Periphanes

271 2487 400 2564 Mirum,
424 2486 485 2553 hoc
508 2489 565 2570 qui
588 2488 697 2569 potuit
718 2487 798 2552 fieri.

719 2631 946 2716 Apoecides

842 2738 1060 2822 mmm

271 2845 449 2910 Facturum
473 2845 556 2909 dixit
579 2865 648 2909 rem
671 2867 742 2910 esse
766 2846 911 2934 diuinam
935 2847 1031 2922 denti,
1140 2863 1144 2874 ²

270 2953 354 3030 Quia
376 2952 497 3018 Thebis
522 2952 631 3018 saluos
653 2953 798 3020 redierit.

706 3095 957 3180 Periphanes

845 3205 980 3270 Rectam
1002 3205 1133 3270 institit.

513 3417 516 3424 ,
717 3347 946 3430 Apoecides

270 3455 351 3520 Inde
364 3477 470 3528 ‚orsus
493 3455 542 3519 illi
566 3455 658 3534 dixit,
681 3456 879 3522 conductam
901 3477 971 3520 esse
995 3477 1075 3534 eam,

272 3561 362 3638 Quae
386 3562 440 3627 hic
462 3563 712 3630 administraret
734 3563 778 3633 ad
800 3585 870 3629 rem
893 3564 1039 3629 diuinam
1061 3563 1132 3626 tibi.
1195 3622 1197 3630 .

271 3670 342 3752 Ego
365 3669 434 3734 illic
457 3692 507 3735 me
531 3680 644 3736 autem
667 3673 714 3737 sie
737 3673 986 3752 adsimulabam‚
1011 3674 1104 3755 quasi
1137 3691 1143 3713 ¹

271 3776 419 3844 Stolidus
442 3781 520 3858 sim;
544 3779 684 3844 bardum
704 3795 759 3844 me
781 3779 953 3846 faciebam.

337 4011 388 4064 406
413 4015 540 4078 tempore
606 4013 657 4064 408
684 4012 754 4065 elius
774 4013 849 4066 uisse
917 4015 969 4066 409
992 4011 1077 4066 Plane
1147 4015 1199 4066 412
1224 4012 1379 4066 Faceteom·

270 4098 321 4149 414
338 4096 392 4150 hoo
411 4095 487 4163 quo'd
538 4097 590 4148 416
608 4111 668 4164 sqq.
681 4095 818 4166 Qteattuor
835 4113 930 4152 cerates
947 4100 1063 4152 omissos
1079 4099 1111 4152 ia
1128 4099 1253 4166 πατρίοις
1269 4095 1342 4150 habet
1349 4089 1378 4144 B.

269 4179 425 4236 stertente
498 4183 550 4234 417
568 4181 657 4236 Immo
675 4182 753 4251 ipsus
840 4183 908 4238 Post
923 4183 984 4236 418:
1006 4181 1157 4236 Factutum
1175 4181 1231 4238 hoc
1249 4181 1317 4236 dixit
1332 4193 1382 4232 rem

271 4283 330 4320 esse
349 4267 474 4320 diuinam
492 4267 544 4321 tibi
563 4267 640 4321 domi
691 4275 693 4282 ’
738 4269 790 4322 420
816 4267 950 4322 stolidum
969 4268 1160 4322 combardum.
