2982 5012
94 395 133 461 11,
145 393 299 460 ass-103
591 389 734 460 Epidicus.
1186 398 1225 458 27

480 491 491 519 ι

566 579 768 666 Epidicus

95 693 164 758 Ubi
182 692 247 756 erit
266 695 386 773 empta,
404 695 442 754 ut
459 688 571 772 aliquo
589 711 628 755 ex
639 689 720 754 urbe
733 709 800 754 mm
812 709 982 769 emoueas3
1001 691 1062 756 nisi
1076 690 1155 774 quid
1168 697 1227 755 tua

96 801 201 867 Secus
226 799 399 866 sententia.

537 904 796 990 Periphanes

441 1013 542 1078 Immo
566 1013 671 1078 docte.

467 1183 474 1200 ·
565 1144 764 1227 Epidicus

704 1251 788 1329 Quid
812 1262 849 1320 tu
873 1255 929 1334 ais,
953 1254 1158 1339 Apoecides?
1176 1273 1224 1324 281

550 1383 779 1468 Apoecides

55 1537 61 1548 ·
96 1496 187 1574 Quid
203 1515 264 1578 ego
283 1493 389 1558 ciam?
419 1493 482 1558 nisi
505 1499 537 1558 te
557 1498 766 1558 conmentum
784 1495 878 1559 nimis
896 1501 1005 1560 astute
1029 1493 1193 1575 intellego.

568 1623 791 1707 Epidicus'

96 1736 170 1800 Iam
195 1735 297 1816 igitur
319 1739 430 1796 amota
453 1731 482 1796 ei
505 1733 607 1814 suerit
630 1733 733 1796 omnis
758 1733 956 1799 consultatio

95 1844 309 1927 Nuptiarum,
332 1861 373 1904 ne
397 1846 554 1923 grauetur
577 1839 664 1922 quod
687 1840 780 1905 uelis.
870 1873 874 1882 ·

537 1970 795 2054 Periphanes

840 2078 889 2146 Tu
913 2101 961 2159 ne¹
976 2081 1073 2163 sapis,

98 2191 143 2258 Et
167 2189 309 2272 placet«

375 2303 377 2308 ’
567 2305 764 2390 Epidicus

270 2479 273 2488 ,
311 2411 393 2479 Τιιιιι
415 2423 451 2478 tu
474 2414 576 2497 igitur
598 2415 718 2490 calide,
738 2417 766 2482 ai
789 2416 867 2499 quid
891 2413 1062 2494 actuius's,
1087 2437 1147 2498 age
1176 2432 1227 2484 285

538 2568 790 2653 Periphanes

99 2680 179 2744 Rern
204 2675 314 2740 hercle
337 2676 481 2760 loquere.

315 2773 318 2782 ¹
564 2785 762 2890 Epidicus

439 2915 482 2979 Et
505 2918 645 3000 repperi,
670 2916 785 2981 abste
809 2917 864 2999 qui
889 2915 1049 3024 abspedat
1072 2918 1224 2999 suspicio.
1317 2943 1319 2948 ·

176 3159 179 3164 Ι
535 3068 787 3152 Periphanes
913 3023 917 3034 '

99 3179 174 3243 Sine
198 3199 248 3242 me
273 3179 364 3241 scire.
461 3265 467 3270 ι

13 3271 14 3284 ¹
562 3274 765 3391 Epidicus

412 3413 533 3495 Scibis;
558 3415 643 3482 audi.

449 3523 456 3536 .
546 3568 776 3654 Apoecides

684 3677 778 3760 Sapit
801 3677 854 3741 hic
877 3677 973 3761 pleno
998 3686 1138 3762 pectore.

17 3807 20 3816 ·
101 3785 187 3870 Opus
211 3751 261 3850 est
283 3785 424 3863 homine,
449 3785 505 3887 qui
529 3784 585 3849 iilo
609 3792 780 3868 argentum
803 3785 931 3884 deferat
955 3807 1013 3870 pro
1037 3787 1186 3868 fidicina;

100 3893 179 3958 Nam
203 3901 236 3959 te
260 3893 463 3976 nolensque
488 3915 569 3977 opus
592 3891 723 3958 factost.
1160 3890 1165 3900 '

165 4107 216 4160 280
235 4123 295 4160 eam
314 4122 364 4160 om.
442 4110 497 4161 281·
511 4110 650 4162 sententia
670 4115 712 4161 est
782 4113 812 4162 tu
832 4115 927 4163 autem
945 4110 1102 4180 Apoecides
1172 4111 1223 4164 282

102 4189 151 4257 Qui
168 4207 220 4258 ego
239 4191 301 4246 Iam
358 4193 483 4246 asserit
539 4197 590 4247 284
609 4195 662 4246 AP.
684 4193 752 4248 Uiue
772 4195 854 4263 sapis.
909 4198 959 4248 285
978 4196 1067 4250 calide
1087 4194 1224 4266 quidquid

102 4280 211 4330 actum
281 4279 331 4331 286
349 4278 460 4347 repperi
478 4279 546 4333 haec
566 4285 602 4332 te
668 4281 718 4332 289
737 4279 805 4332 Nam
826 4279 882 4334 telo
901 4297 958 4334 non
977 4298 1046 4349 eque
1145 4317 1148 4322 -
