3030 5050
114 319 169 384 ΙΙΙ,
188 323 214 380 6,
235 322 344 374 55-64
637 321 743 375 Casina.

202 509 322 592 Negat
344 532 465 593 ponere
488 511 553 575 alio
577 511 673 576 modo
697 511 765 576 ullo
788 509 946 594 profecto,

202 619 283 686 Nisi
308 640 343 684 ee
366 621 450 684 seiat
471 619 569 684 uilieo
592 641 658 686 non
681 620 794 684 datum
815 619 866 683 iri.

569 772 805 858 Lysidamus

203 884 313 966 Atqui
335 882 484 964 ingratiis
506 882 582 964 quoi
605 903 669 947 non
692 882 763 946 uolt
785 881 888 947 nubet
909 877 1015 947 hodie.

201 992 294 1056 Nam
318 1010 376 1054 eur
398 1011 462 1054 non
485 1010 545 1071 ego
569 989 603 1054 id
625 997 820 1073 perpetrem,
844 988 932 1072 quod
956 991 1060 1072 eoepi,

202 1099 252 1165 Ut
279 1098 383 1163 nubat
405 1098 507 1162 mihi?
529 1097 612 1162 illud
635 1096 767 1181 quidem
791 1097 954 1174 uolebam,

201 1207 334 1273 Nostro
356 1207 464 1272 uilieo.

567 1347 805 1415 Pardaliseo

507 1456 718 1539 Saepiuseule
741 1477 869 1541 peccas.

569 1610 807 1695 Lysidamue

128 1725 130 1733 '
203 1718 321 1782 Timor
344 1718 515 1804 praepedit
538 1718 650 1783 uerba.
695 1718 824 1800 Uerum,
848 1721 993 1814 obeeer0‚
1017 1721 1070 1785 die
1196 1739 1247 1792 675

204 1828 261 1892 Me
285 1849 419 1894 uxorem
442 1848 537 1893 orare
560 1834 596 1892 ut
618 1835 732 1892 exoret
753 1826 853 1909 illam,

115 1935 277 2001 Gladium
300 1943 338 2001 ut
359 1944 462 2020 ponat
485 1942 518 2000 et
540 1937 648 2000 redire
671 1955 723 2001 me
746 1938 833 2002 intro
856 1944 892 2001 ut
914 1937 1022 2004 lieeat.

566 2111 806 2178 Pardalisca

567 2363 803 2447 Lysidemue

120 2473 163 2538 Ilt
185 2481 224 2540 tu
249 2479 352 2540 orato.

566 2625 806 2693 Pardalisea

301 2735 344 2800 Et
366 2755 427 2818 ego
451 2735 563 2800 orabo.

570 2889 803 2972 Lysidamue

498 2999 539 3062 dt
560 2997 682 3063 blande
705 3005 809 3076 orato,
833 3005 871 3063 ut
894 2999 988 3063 soles.
1035 2997 1099 3064 Sed
1122 2999 1247 3064 audin?

210 3105 244 3171 Si
269 3103 380 3171 effexis
403 3105 473 3185 hoe,
499 3107 607 3171 soleae
631 3106 692 3170 tibi

209 3214 305 3280 Dabo
328 3221 360 3279 et
383 3214 517 3280 anulum
539 3217 570 3278 in
596 3214 697 3297 digito
722 3234 856 3280 aureum
879 3223 913 3280 et
934 3215 1021 3281 bona
1044 3217 1203 3298 pluruma.

562 3383 809 3450 Pardalisca

212 3491 353 3576 Operam
376 3493 473 3559 dabo.

567 3647 801 3732 Lysidamus

528 3757 612 3822 Faee
636 3763 672 3821 ut
694 3757 849 3838 inpetres.
916 3851 919 3857 Ι
1196 3775 1246 3828 681

138 3909 350 3919 u—-e—

213 4047 265 4098 670
281 4044 318 4098 Ni
335 4043 410 4101 BIE
468 4047 516 4100 671
536 4049 629 4116 Atque
647 4047 765 4114 ingratia
826 4045 963 4116 quiaAB,
980 4065 1062 4116 quem
1080 4049 1105 4115 1,
1124 4065 1207 4116 quam
1221 4045 1252 4102 E

134 4127 180 4180 672
196 4132 257 4199 cepi
275 4128 305 4182 Ε
403 4134 454 4186 673
472 4149 512 4200 aq.
533 4133 662 4186 uolebam
680 4149 737 4186 noa
754 4133 804 4186 aed
822 4137 920 4187 poetro
1038 4133 1089 4187 etl
1108 4133 1248 4204 saepicule

135 4211 180 4267 679
196 4215 264 4270 haee
283 4213 312 4267 Ε
361 4216 413 4269 680
431 4217 514 4270 anulo
533 4217 551 4271 S
570 4215 600 4270 E
685 4226 768 4271 aurea
786 4217 816 4272 Ε
