2982 5004
279 371 339 430 202
444 351 448 358 ’
790 365 880 420 Plauti

695 555 970 620 Menaechmus

277 661 362 726 Nnm
386 662 462 727 mihi
485 684 520 727 es
542 663 628 728 irata
650 663 790 728 saltem?

740 794 929 860 Matrona

837 901 931 968 Nune
953 909 990 968 tu
1011 923 1078 968 non
1100 923 1205 986 nugas
1228 903 1310 984 agis.

694 1031 973 1099 Menaechmus

276 1139 349 1205 Non
372 1141 489 1224 edepol
513 1141 635 1224 deliqui
658 1141 846 1225 quidquam.

742 1271 928 1338 Matrona

835 1379 905 1460 Em,
928 1401 1058 1446 rursunr
1080 1399 1167 1446 nune
1188 1401 1293 1464 nugas
1315 1382 1404 1462 agis.

700 1510 970 1578 Menaechmus

275 1617 344 1696 Die,
368 1640 441 1684 mea
462 1641 552 1698 uxor,
575 1619 654 1702 quid
676 1619 736 1685 tibi
760 1639 856 1702 aegre
879 1624 938 1684 est.

729 1749 943 1836 Peniculus
1400 1833 1402 1840 y

977 1858 1088 1924 Bellus
1110 1859 1278 1924 blanditur
1301 1859 1377 1924 tibi.
1480 1853 1481 1900 ἕ

691 1965 975 2032 Menaechmus

274 2075 370 2140 Potin
393 2083 431 2140 ut
453 2075 531 2140 mihi
553 2075 713 2142 molestus
735 2096 776 2140 ne
800 2077 870 2140 sis?
892 2097 970 2141 nnrn
991 2081 1025 2140 te
1047 2075 1200 2160 adpelle?

738 2207 925 2273 Matrona

1126 2313 1227 2381 Aufer
1249 2337 1395 2410 nrannm.

718 2423 941 2490 Peniculus

211 2609 215 2622 Ι
274 2531 327 2596 Sia
350 2531 455 2596 datur.
500 2532 679 2615 Properate
702 2533 837 2599 absente
854 2552 911 2597 nie
934 2551 1079 2598 comesse
1102 2532 1286 2615 prandium,
1341 2551 1394 2604 615

272 2639 352 2705 Post
375 2649 451 2705 ante
474 2641 566 2706 aedis
589 2663 662 2706 oum
686 2663 806 2706 corona
828 2662 879 2706 me
902 2640 1051 2706 derideto
1075 2639 1194 2706 ebrius.

691 2771 967 2838 Menaechmus

271 2879 383 2963 Neque
402 2880 518 2963 edepol
536 2900 595 2961 ego
613 2881 733 2963 prandi
748 2901 855 2964 neque
872 2879 969 2946 hodie
981 2879 1045 2945 huo
1057 2881 1142 2944 intro
1153 2879 1249 2944 tetuli
1263 2879 1392 2962 pedem.

717 3021 937 3088 Peniculus

270 3129 342 3194 Tun
365 3133 488 3212 negas?

688 3238 970 3306 Menaechmus

509 3346 599 3429 Nego
621 3345 729 3412 hercle
751 3367 840 3413 uero.

718 3488 937 3556 Peniculus

871 3594 960 3660 Nihil
982 3596 1044 3661 hoo
1065 3594 1195 3661 homine
1218 3597 1385 3663 audacius.

268 3703 341 3768 Non
365 3725 424 3786 ego
447 3711 480 3770 te
503 3707 599 3772 modo
622 3707 676 3771 hie
699 3713 775 3770 ante
798 3706 890 3771 aedis
913 3725 986 3769 eum
1008 3725 1130 3769 corona
1151 3703 1250 3770 florea

268 3813 344 3878 Uidi
367 3813 519 3892 adstare·
533 3837 629 3898 quom
652 3813 796 3897 negabas
820 3813 897 3878 milri
920 3833 992 3878 esse
1012 3834 1127 3902 sanum
1145 3813 1309 3897 sinciput?
1336 3832 1385 3884 sao

267 3920 310 3984 Et
331 3919 475 4000 negabas
499 3944 549 3986 me
572 3923 717 4002 nouisse;
740 3923 946 4004 peregrinum
969 3920 1062 3987 aibas
1085 3943 1155 3986 esse
1176 3929 1219 3986 te.

352 4159 403 4209 612
420 4171 516 4210 rorum
594 4159 644 4210 616
662 4157 723 4210 ΜΕ.
742 4175 794 4214 om.
870 4162 921 4213 614
939 4173 997 4212 non
1015 4157 1092 4212 sisC'
1185 4161 1236 4213 616
1254 4177 1383 4216 eoronam

268 4242 327 4296 deri
346 4242 412 4294 deto
430 4241 465 4308 B,
484 4255 615 4294 eoronam
635 4242 710 4298 ederi
729 4243 836 4297 detotl
903 4247 953 4296 619
971 4243 1042 4297 flora
1111 4247 1160 4298 621
1181 4245 1274 4298 alebas
