2982 5012
572 1287 734 1342 mirata.

84 1459 115 1514 P.
157 1461 194 1515 19
221 1481 246 1514 v.
274 1459 334 1514 230
359 1455 560 1513 scribendum:
586 1452 691 1525 satist,
717 1471 813 1528 uxor3

94 1594 104 1604 -
149 1563 188 1618 30
214 1581 276 1616 var.
302 1561 405 1634 script.
433 1561 491 1615 365
517 1559 622 1615 scrib.:
647 1557 731 1632 Auge
756 1578 828 1614 caue
851 1550 926 1623 ΒΕ,

95 1695 104 1706 ·
147 1665 187 1720 39
213 1681 240 1718 v.
266 1663 328 1718 472
352 1661 456 1718 scrib.:
483 1655 622 1737 lopadas

94 1798 106 1808 ·
148 1766 185 1821 61
216 1785 242 1822 v.
269 1765 329 1820 742
353 1763 457 1821 sci-ib.:
483 1757 592 1820 serio?

94 1895 106 1904 ·
147 1868 188 1924 64
213 1886 240 1924 v.
267 1867 328 1922 776
357 1865 462 1922 scrib.:
498 1859 540 1922 ab
565 1859 666 1923 nobis.
758 1866 792 1922 In
815 1885 878 1924 var.
902 1868 1005 1942 script.
1031 1866 1214 1926 addendumz

243 1970 302 2025 776
328 1989 344 2025 a

93 2099 103 2110 -
144 2074 182 2129 67
210 2093 238 2128 v.
264 2072 325 2128 800
349 2071 454 2128 scrib.:
479 2066 619 2128 risuram

93 2201 103 2211 ·
144 2175 183 2231 84
211 2193 258 2231 vv.
285 2175 410 2230 26-27
435 2176 477 2230 sic
500 2172 672 2231 scribenda:

214 2267 263 2352 [Si
287 2269 372 2332 idem
396 2265 485 2333 istud
509 2291 569 2334 nos
593 2267 767 2350 faciamus]

212 2372 246 2437 Si
269 2372 355 2435 idem
379 2371 563 2450 imitamur,
592 2373 640 2435 ita
668 2378 777 2436 tamen
808 2373 863 2435 uix
893 2373 1036 2438 uiuimus
1065 2395 1138 2437 cum
1168 2373 1215 2437 in-

760 2550 763 2556 ,
803 2475 896 2538 uidia
919 2496 1056 2539 summa.

214 2577 354 2642 Suarum
379 2598 477 2660 opum
502 2597 561 2640 nos
584 2575 702 2640 uolunt
725 2597 797 2641 esse
820 2577 1017 2659 indigentes,

93 2714 103 2725 -
146 2687 209 2743 116
233 2705 259 2742 v.
287 2685 347 2744 529
371 2683 474 2742 scrib.:
499 2698 611 2742 eccam
667 2761 668 2766 ἵ

92 2815 102 2824 ·
146 2789 207 2845 122
231 2806 294 2845 var.
319 2788 422 2863 script.
449 2788 509 2846 599
533 2787 639 2844 scrib.:
662 2805 784 2844 necesso
807 2781 842 2844 E
905 2789 982 2844 male
1005 2780 1062 2845 ΙΕ

93 2917 104 2926 -
145 2891 206 2948 156
231 2890 283 2948 lin.
309 2893 327 2947 8
352 2890 388 2948 ab
412 2892 470 2948 imo
493 2894 563 2964 poet
589 2891 638 2960 „in
660 2885 809 2968 digitum“
835 2889 918 2948 adei:
944 2897 977 2948 ut
1000 2890 1089 2968 Epid.
1115 2892 1186 2949 638.
