2982 5004
224 337 285 448 a04
588 347 591 356 ¹
739 383 830 438 rnna
1099 423 1105 440 .
1152 381 1352 448 rusa-sa

222 573 266 638 Et
288 572 366 655 quid
388 574 492 638 tristis
513 575 574 638 sim
596 572 730 658 etquid
752 573 805 638 hio
827 574 908 638 mihi
931 573 1059 652 dixerit,
1081 573 1159 639 faxo
1181 574 1278 637 scias.

223 681 316 746 Palla
338 679 417 746 mihi
440 689 491 747 ast
514 682 609 748 domo
632 689 796 765 surrupta.
911 735 916 768 ‚

627 812 924 879 ‘Menaechmus
1048 849 1052 861 ·
1272 913 1276 921 ⁸

672 933 675 940 '
806 921 899 986 Palla
921 927 1111 1007 surruptast
1133 921 1237 986 mihi?

670 1063 893 1130 Peniculus
990 1127 993 1134 .

225 1171 329 1236 Uidon
349 1177 394 1251 tu,
416 1180 453 1237 ut
475 1177 503 1235 te
520 1171 677 1237 scelestus
695 1173 833 1255 captat?
867 1173 952 1238 Huic
970 1179 1164 1256 surruptast,
1184 1193 1249 1238 non
1268 1171 1352 1252 tibi3
1473 1253 1474 1256 Ἴ

224 1279 307 1345 Nam
331 1280 476 1364 proferto
500 1279 561 1382 tibt
584 1286 740 1363 surrupta
764 1282 793 1344 si·
814 1287 911 1362 assat,
934 1281 1026 1346 salua
1048 1302 1113 1347 non
1136 1282 1230 1347 forst.

641 1393 924 1490 Menaechmus

223 1529 312 1596 Nihil
334 1531 414 1596 mihi
436 1536 544 1598 tecum
566 1539 625 1597 ast
666 1531 730 1598 sed
753 1540 790 1642 tp
813 1533 893 1616 quid
915 1533 987 1598 ais?

690 1675 878 1742 Matrona
1350 1725 1359 1746 .
1478 1772 1479 1780 ἵ

756 1783 857 1864 Palla,
879 1785 1023 1869 inquam,
1046 1787 1144 1868 periit
1167 1786 1273 1850 domo.
1293 1805 1349 1858 aas
1478 1783 1479 1788 ’

643 1926 922 1994 Menaechmus

225 2034 304 2124 Quis
327 2056 400 2100 aam
423 2035 614 2119 surrupuit?

691 2143 876 2210 Matrona

638 2251 699 2317 Pol
721 2253 809 2318 istuo
830 2252 885 2318 ills
909 2253 979 2334 soit
1003 2254 1058 2336 qui
1079 2253 1172 2319 illam
1194 2253 1345 2320 abstulit

356 2459 359 2468 ,
640 2393 925 2461 Menaechmus

225 2500 304 2578 Quis
326 2501 381 2566 hic
403 2503 556 2568 homost?
641 2575 645 2586 ¹

690 2611 877 2678 Matrona

517 2717 747 2785 Manaaohmus
770 2719 912 2802 quidam.

642 2859 923 2928 Menaechmus

889 2970 1014 3055 Edepol
1035 2970 1158 3036 facturn
1181 2974 1344 3054 nequiter.

226 3075 305 3153 Quis
328 3079 356 3141 is
380 3077 647 3142 Menaechmuat‘?

688 3186 875 3251 Matrona
904 3253 911 3270 .

633 3295 682 3360 Tu
704 3294 788 3374 istio,
811 3295 953 3378 inquam.

637 3437 928 3503 Menaechmus.

931 3545 1063 3630 Egone?

686 3654 875 3720 Matrona

1056 3763 1113 3857 Tu.

642 3867 924 3936 Menaechmus
1182 3853 1190 3870 ’

1108 3976 1186 4054 Quis
1209 3977 1340 4058 arguit?

225 4099 293 4110 .-.-
301 4101 347 4108 .....
357 4101 415 4107 -...

282 4184 357 4236 ,631
377 4181 429 4234 sim
448 4196 497 4234 om.
572 4181 623 4232 632
641 4187 771 4250 surrupta
790 4181 901 4236 esttibi
969 4181 1020 4234 633
1038 4179 1144 4234 Uident
1161 4186 1192 4235 ut
1209 4181 1339 4234 scelestus

223 4268 317 4334 capiat
384 4267 629 4344 6381panaeomur
647 4271 690 4318 est
