2982 5012
597 365 731 435 Epidicus
763 427 767 434 ,
845 389 851 400 ·

516 525 824 638 Stratippocles

590 662 660 728 Iam
682 669 787 728 teneo.

569 792 767 878 Epidicus

832 901 927 967 Nunc
950 909 1118 968 cautorem

98 1011 202 1076 Dedit
225 1009 307 1075 mihi
329 1009 370 1076 ad
394 1008 479 1075 hanc
496 1029 564 1076 rem
583 1009 781 1092 Apoecidem
793 1010 875 1076 -is
893 1010 979 1093 apud
999 1009 1103 1076 lorum
1122 1011 1233 1076 manet

875 1139 924 1182 me
950 1155 989 1164 -

95 1225 205 1302 Quasi
230 1227 287 1310 qui
310 1246 331 1291 a
353 1247 404 1290 rne
427 1233 517 1292 recte
541 1235 667 1292 caueat.

516 1355 824 1452 Stratippocles

537 1463 636 1530 Haud
658 1464 742 1528 male
765 1465 831 1528 iarn
853 1465 925 1548 ipse
949 1472 1065 1530 cautor
1089 1473 1231 1550 captust.

556 1579 772 1678 ¹Epidicus

75 1743 80 1754 ·
100 1704 179 1786 lpse
203 1704 239 1767 in
265 1723 335 1766 meo
359 1703 443 1768 collo
467 1709 545 1768 tuus
568 1709 662 1785 pater
684 1703 864 1767 cruminam
888 1703 1083 1768 conlocauit.
1182 1719 1233 1772 360

101 1812 135 1874 ls
156 1811 302 1876 adornat
324 1811 501 1875 adueniens
525 1811 612 1876 domi
636 1809 799 1893 extemplo
823 1821 859 1876 ut
878 1811 1020 1902 maritus
1045 1809 1113 1874 flas.

517 1940 831 2025 Stratippocles
941 1930 944 1936 ’

103 2048 175 2150 l'no
200 2047 416 2132 persuadebit
439 2050 550 2116 modo:
574 2051 601 2114 si
624 2049 725 2126 illam,
748 2069 833 2134 quae
856 2048 1032 2114 adductsst
1056 2069 1190 2124 mecum,

105 2156 185 2225 Mihi
211 2157 377 2240 adempsit
400 2156 513 2224 Orcus.

574 2287 770 2372 Epidicus

560 2396 654 2461 Nunc
677 2417 736 2479 ego
761 2399 917 2462 astutiam
941 2396 1026 2460 hauc
1048 2396 1192 2461 institui:

105 2505 286 2569 Deueniam
310 2504 351 2568 ad
375 2503 523 2569 lenonem
546 2504 681 2570 domurn
703 2512 833 2588 egomet
853 2504 957 2583 solus3
981 2525 1055 2569 eum
1077 2503 1211 2578 docebo,

104 2613 138 2675 Si
157 2613 214 2698 qui
234 2611 277 2676 ad
296 2632 368 2676 eum
386 2611 574 2683 aduenisnt,
596 2619 633 2676 ut
650 2611 713 2677 sibi
732 2611 845 2677 datum
865 2633 937 2676 esse
953 2618 1126 2694 argeutum
1144 2611 1235 2678 dicat

107 2721 169 2785 l'ro
192 2719 345 2798 fidiciua3
368 2722 495 2802 argenti
519 2722 624 2785 minas
648 2741 682 2786 se
705 2719 826 2786 habere
850 2720 1096 2804 quinquaginta.
1185 2737 1235 2790 366

107 2826 236 2910 Quippe
261 2847 320 2910 ego
344 2829 400 2911 qui
422 2827 660 2893 nudiustertius
684 2829 765 2893 meis
786 2828 939 2892 manibus
964 2826 1170 2892 dinumerani

107 2933 169 2998 Pro
191 2934 250 3000 illa
273 2943 331 2999 tna
354 2936 468 3014 amica,
491 2957 591 3021 qnam
614 2943 708 3019 pater
732 2957 824 3001 suam
846 2935 947 3000 filiam
970 2957 1044 3002 esse
1067 2943 1173 3014 retur;

108 3043 155 3106 lbi
177 3043 254 3108 leno
279 3043 476 3108 sceleratum
500 3051 600 3126 caput
624 3066 719 3110 sunm
742 3045 918 3127 inprudens
942 3043 1112 3126 adligabit,

107 3149 212 3226 Quasi
244 3173 303 3234 pro
335 3150 391 3216 illa
420 3159 594 3233 argentum
622 3152 803 3236 acceperit,
838 3171 923 3235 quae
953 3158 1059 3216 tecum
1092 3151 1236 3217 adducta

877 3279 963 3324 nunc
986 3265 1045 3324 est.
1168 3277 1237 3329 .370

535 3388 811 3472 Chaeribulus
845 3427 847 3444 ·

92 3495 284 3564 .Uorsutior
306 3518 340 3562 es
363 3519 461 3584 quam
484 3505 558 3564 rota
580 3498 736 3583 figularis.
801 3563 808 3583 ⁸

576 3629 774 3718 Epidicus

784 3735 854 3800 lam
878 3757 936 3819 ego
960 3736 1084 3819 parabo

116 3843 261 3928 Aliquam
285 3846 433 3911 dolosam
455 3845 630 3923 fidicinam,
654 3866 786 3910 nummo
810 3845 974 3910 conducta
997 3864 1081 3928 quae
1104 3845 1156 3916 sit,

143 4135 147 4142 Ι
182 4073 232 4124 359
249 4072 330 4139 quasi
347 4087 409 4140 quae
429 4079 536 4126 amaret
555 4078 654 4126 canent
707 4073 755 4125 361
776 4072 891 4125 ueniens
946 4071 997 4124 363
1015 4070 1088 4124 bauo
1106 4070 1239 4136 astutiam

117 4153 165 4207 364
183 4174 244 4210 eum
263 4173 316 4225 ego
336 4157 442 4211 docebo
530 4159 580 4210 363
609 4155 638 4209 Si
663 4157 729 4224 quid
754 4156 790 4210 ad
809 4173 872 4210 eum
892 4155 1039 4209 adueniam
1058 4163 1089 4209 ut
1107 4156 1159 4208 sibi
1180 4170 1239 4208 esse

118 4237 208 4294 datum
279 4243 329 4296 367
349 4242 529 4296 denumeraui
603 4243 655 4295 363
674 4259 713 4310 sq.
734 4241 862 4310 alligauit
881 4241 928 4309 qui
948 4243 970 4292 si
1041 4241 1087 4293 371
1110 4254 1165 4308 qua
1183 4239 1210 4292 B

1071 4351 1086 4400 3
