2976 5018
795 433 885 488 nram
1195 433 1239 498 rr,
1256 429 1376 495 ars-s

724 623 945 708 Lampadio

462 729 552 795 Haec
576 730 692 794 mulier
716 731 794 812 quid
816 733 907 810 dicut,
930 731 1105 806 uideamus,
1129 751 1195 808 ara,
1216 749 1377 814 parumper.

759 851 926 916 Halisca

283 961 426 1044 Disperii
450 959 580 1037 misera,
603 959 681 1042 quid
706 981 765 1038 ego
785 981 860 1026 erae
879 961 996 1035 dicam,
1021 981 1103 1044 quae
1123 982 1174 1025 me
1193 981 1286 1047 opere
1303 964 1380 1022 tanto

282 1069 422 1136 Seruare
445 1070 552 1146 iussit,
577 1069 633 1151 qui
657 1089 733 1133 suos
758 1067 920 1133 Selenium
946 1077 1099 1152 parentes
1340 1081 1382 1132 545

284 1178 426 1242 Facilius
445 1183 558 1260 posset
575 1199 719 1255 noscere,
739 1198 822 1260 quae
841 1199 917 1242 erae
937 1199 1027 1243 meae
1046 1180 1217 1262 supposita
1229 1183 1381 1258 estparua,

285 1285 389 1362 Quam
413 1285 575 1370 quaedam
598 1287 753 1350 meretrix
776 1287 806 1350 ei
831 1285 942 1350 dedit?

733 1405 954 1489 Lampadio

856 1515 1010 1581 Nostram
1034 1515 1115 1579 haec
1138 1536 1207 1579 rem
1230 1512 1381 1579 labulatur.

287 1623 380 1688 Hanc
403 1625 487 1688 scire
511 1631 648 1707 oportet,
672 1623 740 1688 filia
764 1631 822 1688 tua
843 1624 901 1688 nbi
926 1625 978 1701 sit,
1003 1625 1095 1706 signa
1118 1629 1157 1687 ut
1179 1623 1265 1688 dicit.

766 1743 932 1810 Halisca

287 1853 381 1917 Nuno
399 1875 472 1918 earn
490 1852 561 1916 uolt
579 1873 657 1917 suae
675 1854 772 1917 matri
790 1861 823 1916 et
840 1855 938 1935 patri,
957 1853 1074 1937 quibus
1090 1862 1169 1917 nata
1188 1860 1246 1928 est,
1269 1849 1387 1914 reddere

1001 1962 1098 2026 ultro.
1348 1973 1390 2025 550

287 2069 333 2136 Mi
350 2071 456 2148 horno,
480 2070 626 2144 obsecro,
647 2069 728 2135 alias
745 2092 799 2135 res
816 2072 916 2152 geris3
941 2071 1081 2154 egotibi
1102 2092 1192 2135 meas
1210 2091 1261 2133 res
1280 2065 1388 2132 mando.

738 2179 961 2263 Lampadio

287 2290 377 2354 Istuc
400 2307 461 2370 ago
485 2296 585 2371 atque
607 2289 681 2353 istic
705 2289 782 2354 milri
806 2289 898 2353 cibus
922 2297 981 2366 est,
1005 2288 1093 2370 quod
1116 2287 1278 2364 fabulare3

289 2397 352 2462 Sed
382 2399 469 2463 inter
497 2417 564 2461 rem
595 2397 755 2478 agendam
783 2397 879 2462 istam
911 2417 986 2460 erae
1015 2397 1091 2460 hnic
1119 2395 1287 2479 respondi,
1318 2387 1390 2476 quod

1004 2504 1157 2586 rogabat;

288 2613 381 2678 Nunc
403 2613 445 2678 ad
468 2618 502 2677 te
525 2613 634 2678 redeo.
680 2615 713 2680 Si
737 2615 817 2697 quid
841 2621 890 2678 est
913 2635 1005 2696 opus,
1030 2613 1092 2692 dic,
1115 2611 1305 2696 inpetrabis.

288 2722 375 2800 Quid
398 2722 634 2805 quaeritabas?

764 2843 934 2908 Halisca

639 2951 683 3016 Mi
706 2952 803 3017 homo
826 2958 860 3016 et
882 2971 954 3016 mea
977 2953 1100 3031 mulier,
1123 2973 1183 3018 uos
1208 2951 1321 3017 saluto.
1352 2961 1393 3013 555

709 3072 990 3138 Phanostrata

289 3179 332 3246 Et
354 3202 413 3246 nos
436 3189 478 3246 te.
524 3182 588 3246 Sed
611 3181 690 3265 quid
715 3182 908 3267 quaeritas?

765 3300 934 3366 Halisca

946 3409 1127 3493 Uestigium
1152 3409 1205 3474 hio
1227 3409 1359 3494 requiro,

291 3520 364 3598 Qua
387 3519 515 3602 aufugit
537 3521 707 3601 quaedam,
732 3539 793 3601 quo
816 3540 895 3600 opus
917 3521 983 3583 erol
1005 3520 1040 3582 ire
1062 3519 1259 3602 quaestione.

744 3638 960 3722 Lampadio

1101 3724 1141 3790 Id
1163 3724 1318 3807 quidnam
1340 3722 1397 3787 est?

377 3899 428 3952 544
445 3897 546 3952 mulier
556 3938 648 3952 ......
650 3874 771 3951 ...amns
791 3913 838 3950 era
856 3893 903 3950 ΙΕ
919 3895 948 3964 (a
966 3897 1067 3950 misere
1084 3893 1123 3961 Β)
1232 3897 1282 3948 545
1300 3909 1349 3962 ego
1366 3903 1398 3943 ee

292 3983 432 4038 eradicem
450 3983 485 4049 Β,
504 4001 555 4054 ego
579 4001 638 4038 eam
658 3983 797 4037 eradicem
817 3981 851 4048 E,
872 3999 925 4050 ego
944 3999 1013 4036 mere
1033 3983 1107 4036 lueres
1126 3981 1216 4034 dicam
1236 3983 1257 4036 Ι
1359 3978 1398 4030 547

294 4076 424 4124 nosceret
442 4068 500 4125 BE
559 4085 629 4124 meae
648 4069 738 4124 dicam
757 4069 943 4138 suppositaI
1000 4070 1051 4122 548
1067 4068 1195 4122 meritrix
1213 4067 1241 4120 B
1302 4069 1346 4121 551
1364 4077 1399 4116 res

292 4153 417 4209 measE
493 4155 661 4224 soaegoss
738 4157 789 4210 554
806 4155 1017 4222 impetradutu
1098 4155 1148 4206 557
1166 4153 1399 4220 φιωᾱαιη......·

293 4242 381 4297 aestio
393 4284 397 4293 .
409 4277 432 4292 ..
443 4242 509 4311 quid
527 4244 560 4299 id
577 4243 709 4311 quidnam
730 4249 773 4297 est
785 4241 821 4308 Β,
845 4242 972 4309 quaedam
984 4276 1092 4296 .......
1103 4241 1183 4293 testie
1201 4241 1267 4307 qnid
1285 4239 1314 4293 id
1332 4233 1399 4306 qnid·

292 4347 355 4383 narn
375 4335 418 4382 est
434 4326 483 4383 IE
