2982 5014
276 377 340 438 420
750 373 925 430 Menaechmi.

275 568 398 626 temriis
427 567 540 643 scripte
568 573 646 626 suut.
699 566 769 639 Quae
797 587 887 645 quum
916 572 976 628 iam
1000 568 1171 644 Ladeaigio
1194 569 1311 626 turbata
1329 569 1390 627 risa

275 674 382 740 esunt,
406 667 587 728 Ritsoheliua
608 688 712 728 vamur
737 671 903 729 591-696
934 673 1011 730 miro
1034 671 1122 729 modo
1145 671 1223 728 inter
1244 691 1274 728 se
1295 675 1388 729 mans-

275 773 385 848 posuit.
430 771 505 830 Nam
527 772 655 848 primum
678 771 823 832 excidisse
845 773 959 850 aliquid
980 775 1108 850 putavit,
1131 775 1232 832 velut:

318 871 414 934 ΜΕΝ.
445 873 584 944 Quisnam
607 873 655 932 hic
676 873 832 950 loquitur?
861 875 934 952 quid
955 892 1011 949 ego
1033 873 1145 934 uideo?
1168 895 1234 935 meo
1257 895 1322 934 cum
1343 895 1390 951 pa·

1108 979 1202 1040 rasito
1225 979 1312 1036 simul

319 1077 400 1140 Uxor
423 1095 520 1136 eccam
542 1083 612 1136 aute
635 1077 716 1136 aedis
739 1078 861 1138 adstans
885 1081 956 1140 mihi
978 1079 1051 1138 facit
1073 1080 1286 1156 remeliginem,

276 1187 341 1240 tum
365 1182 443 1253 609,
474 1179 526 1239 aad
554 1186 588 1239 ut
616 1199 672 1257 pro
703 1178 823 1257 „Nugas
846 1178 927 1260 agis“
953 1181 1076 1241 scribat:
1116 1189 1180 1254 ,set
1207 1179 1394 1259 conloquar“,

277 1284 433 1356 als-14,
454 1283 939 1356 594-95,607-8,610-19,
964 1285 1034 1356 593,
1060 1285 1237 1356 eac-600,
1263 1287 1394 1356 609-6,

279 1387 348 1458 aaa,
374 1387 444 1456 aar,
467 1384 625 1457 ars-ae,
644 1365 720 1445 eoa'
760 1386 832 1458 oue
850 1390 985 1463 quamvis
1002 1386 1201 1464 improbasset
1218 1387 1394 1446 maresan

278 1485 385 1546 Philol.
408 1487 437 1545 11
458 1506 488 1563 p.
515 1488 585 1558 199,
608 1494 708 1546 teman
730 1491 844 1566 recepit
866 1489 947 1548 Brix.

364 1591 434 1649 591.
456 1583 553 1660 diam,
576 1589 694 1666 pellam,
716 1611 743 1650 v.
759 1593 829 1664 588,
852 1593 931 1650 uude
950 1591 1039 1650 facile
1056 1591 1245 1664 intelligitur.
1281 1591 1398 1650 aanor

277 1691 433 1764 Fleckeis,
457 1692 492 1751 R.
537 1689 714 1769 scammata,
737 1713 765 1754 v.
789 1694 825 1752 ed
849 1695 932 1755 Asin.
957 1695 1028 1754 890.
1075 1694 1185 1752 Hiatur
1208 1695 1238 1751 in
1269 1693 1396 1764 dieresi,

277 1796 333 1868 Fl,
357 1794 392 1855 R.
420 1789 497 1866 ,mi“
522 1795 644 1855 addunt.
671 1824 708 1834 -
734 1789 788 1855 Sic
811 1793 918 1868 datur,
953 1796 1095 1855 Peniculo
1119 1796 1180 1854 haec
1202 1795 1294 1854 verba
1316 1795 1397 1853 dedit

277 1895 433 1970 Gruterus,
457 1899 508 1975 qui
534 1896 665 1971 „sermo“
687 1899 785 1974 inquit
806 1905 869 1971 „est
888 1901 1061 1976 castigantis
1085 1903 1115 1956 et
1138 1917 1241 1975 pronas
1259 1879 1397 1956 sumentis

278 2007 330 2058 aut
357 2019 458 2078 ponas
481 2007 616 2078 sumptas
638 2021 701 2059 esse
730 1995 939 2078 gratulantis“,
969 2021 1094 2078 quorum
1123 2001 1275 2076 posterius
1301 2003 1399 2058 rarius

279 2109 338 2175 est;
363 2103 415 2161 sed
437 2102 511 2162 nihil
534 2103 643 2176 obstat,
666 2121 725 2180 quo
743 2105 840 2162 minus
858 2109 1003 2175 matrona,
1027 2108 1187 2179 postquam
1204 2101 1320 2178 alapam
1337 2106 1397 2162 vire

277 2203 401 2281 inflixit,
434 2205 496 2263 heac
518 2203 615 2276 dicat3
651 2203 687 2264 cl.
716 2205 794 2264 infra
823 2206 894 2264 615.
947 2205 1055 2264 Pseud.
1088 2206 1156 2262 154.
1196 2203 1300 2270 Stich.
1330 2205 1397 2262 761.

278 2314 378 2368 annot.
403 2306 441 2365 sd
468 2307 552 2365 Asin.
577 2309 649 2366 436.
678 2336 718 2348 -
749 2309 819 2366 592.
846 2307 923 2382 pota
952 2306 1085 2366 Lindem.
1109 2325 1180 2377 sna,
1214 2326 1243 2364 v.
1267 2307 1305 2364 ad
1334 2307 1395 2364 Aul

280 2411 351 2470 301.
375 2439 416 2449 -
441 2411 510 2467 594.
541 2403 659 2486 Aufer,
683 2429 711 2468 v.
734 2408 771 2469 ad
790 2410 857 2469 Aul.
877 2411 947 2469 630.
999 2403 1209 2484 palpatioaes,
1234 2409 1271 2466 ci.
1295 2407 1396 2485 Amph.

281 2513 351 2572 593.
396 2512 579 2584 Matronam,
602 2533 663 2571 non
685 2513 864 2590 parasitum,
894 2511 955 2570 hmo
978 2511 1078 2571 dicere
1100 2510 1135 2568 R.
1159 2514 1284 2583 censuit,
1309 2529 1396 2586 eaque

279 2616 316 2675 de
339 2635 427 2674 causa
447 2614 573 2691 „Pergin
595 2612 668 2673 tu?“
695 2617 824 2691 scripsit.
869 2615 900 2673 Si
917 2613 1002 2672 codd.
1021 2615 1179 2690 sequimur,
1203 2613 1394 2671 Menachrnus

280 2720 455 2797 parasitum,
475 2736 561 2792 quem
580 2737 669 2793 quum
688 2717 812 2776 maxime
825 2718 1066 2776 commemoravit
1079 2711 1194 2788 (imao),
1219 2715 1394 2773 manufami·

279 2821 397 2878 liariter
424 2821 539 2897 attigit,
574 2820 621 2878 liic
649 2820 744 2878 iratus
773 2819 1006 2878 familiaritatem
1034 2819 1149 2895 respuit
1177 2823 1394 2894 matronamque

280 2923 427 2996 hortatur,
449 2929 484 2980 ut
505 2923 536 2980 in
560 2923 653 2980 virum
675 2923 777 2980 invehi
799 2929 914 3000 pergat,
940 2921 976 2981 of.
1003 2923 1072 2980 598.
1095 2949 1138 2960 -
1163 2920 1233 2978 596.
1263 2920 1393 2978 Matrona

280 3027 376 3084 virum
400 3028 495 3102 ipsum
520 3023 695 3084 maleficium
717 3027 808 3083 fateri
831 3025 910 3096 vult;
934 3025 1036 3100 itaque
1058 3025 1235 3080 senteutiam
1254 3025 1393 3100 inceptam

280 3129 481 3205 interrumpit.
535 3121 672 3202 Quidam
687 3122 820 3202 pallam,
845 3147 884 3186 se.
908 3126 1041 3184 abstulit.
1092 3124 1295 3184 Personarum
1316 3133 1393 3210 notas

279 3235 363 3288 recta
375 3228 527 3290 distribuit
539 3229 694 3288 Gruterus.
728 3226 807 3288 Bra:
830 3228 943 3304 ,Mau
952 3223 1087 3286 Pallam?
1100 3226 1241 3303 quidnam
1252 3221 1390 3304 pallam?“

281 3331 341 3390 Sed
358 3331 513 3390 dicendum
533 3341 597 3390 erat
618 3328 749 3408 „quid?“
775 3351 834 3390 non
856 3326 1047 3409 „quidnam“.
1061 3357 1102 3370 —-
1123 3331 1193 3388 597.
1207 3329 1392 3388 Menaechnrus

280 3436 339 3492 iam
361 3434 531 3508 intelligens
554 3453 615 3492 rem
638 3433 819 3511 patefactam
843 3453 923 3504 esse,
957 3431 1110 3510 pallescit3
1145 3429 1198 3489 sed
1227 3452 1319 3512 quum
1347 3431 1392 3488 hoa

280 3538 432 3615 parasitus
466 3535 692 3610 animadvertit,
726 3541 816 3610 negat
848 3553 988 3613 pavorem
1021 3553 1247 3606 causam-csse;
1282 3534 1391 3592 turbato

282 3642 379 3696 animo
407 3639 531 3697 ridicule
554 3646 675 3698 excusat
697 3639 807 3715 pallam
830 3642 955 3715 propter
983 3637 1062 3696 vocis
1093 3635 1319 3696 similitudinem
1340 3635 1392 3713 pal·
1467 3655 1468 3686 i

282 3743 373 3800 lorern
398 3735 523 3800 efficere.
574 3755 678 3817 pauco
701 3741 765 3800 cod.
789 3740 825 3811 D,
850 3739 916 3798 edd.
940 3769 983 3779 -
1004 3734 1072 3798 arisi
1094 3753 1199 3809 ursum,
1223 3739 1260 3797 ef.
1274 3738 1392 3798 Mittit.

282 3848 382 3902 annot.
407 3843 445 3901 ad
466 3843 534 3902 Aul.
561 3845 631 3903 357.
656 3872 693 3884 -
721 3845 790 3902 598.
820 3859 859 3901 rac
882 3835 962 3902 clam
984 3841 1057 3900 olim
1081 3838 1281 3899 emendatum.
1326 3854 1393 3898 coru

281 3961 377 4018 esses,
397 3947 551 4004 comedere
569 3945 705 4004 debuisti.
740 3945 952 4005 Coniunctivus
970 3945 1098 4002 iussirus
1117 3947 1171 4015 est,
1190 3964 1219 4001 v.
1231 3943 1330 4000 Madv.
1343 3941 1392 4000 Cic.

281 4047 346 4106 Fin.
366 4049 404 4121 Π,
429 4050 476 4122 12,
507 4049 561 4119 35;
596 4046 720 4106 Plautus
748 4047 966 4125 imperfectum,
995 4030 1055 4104 nou
1082 4045 1393 4122 plusquamperfectum
1467 4085 1468 4090 κ

282 4154 324 4209 sic
351 4170 462 4226 ponere
493 4152 661 4221 consuevit,
696 4169 722 4208 v.
746 4150 841 4224 Bugg.
865 4151 896 4208 in
924 4148 1032 4224 Opusc.
1056 4147 1095 4205 ad
1125 4147 1255 4222 Madvig.
1279 4168 1308 4225 p.
1335 4149 1393 4205 115.

282 4251 365 4311 Trin.
392 4255 465 4311 1332
514 4252 600 4325 ,Non
629 4271 682 4328 ego
712 4252 755 4309 illi
784 4259 938 4328 argentum
967 4246 1163 4308 redderem?“
1211 4250 1293 4307 Pers.
1324 4250 1392 4306 709:
