2982 5012
274 361 315 421 20
787 354 879 412 Plauti
1022 363 1026 372 ‘
1226 356 1371 424 Irae-u

273 543 336 638 Sep
360 564 472 610 eccum
499 546 606 628 ipsum
630 550 707 610 ante
737 545 830 612 aedie
860 548 1033 630 conspicor
1062 567 1148 612 eam
1176 565 1273 612 mecm
1298 552 1373 627 utque
1459 622 1460 625 Ἴ

292 663 296 672 ’
1060 655 1257 740 Apoecidem

273 809 653 826 ........
699 761 806 845 qualis
828 749 905 829 noio
924 762 1059 828 -uetuloe
1083 761 1158 828 duo.
1210 768 1217 800 ¹·

185 860 187 869 ’
273 866 342 932 Iam
364 887 424 950 ego
447 887 498 932 me
521 875 714 936 conuoriam
732 870 766 934 in
783 869 966 936 hirudinem
984 877 1084 955 atque
1102 889 1214 938 eorum
1233 869 1372 954 exsugeho

1041 981 1239 1062 sanguinem,

273 1081 385 1148 Senati
408 1084 465 1166 qui
487 1083 640 1153 columen
662 1085 781 1150 cluent.
1337 1103 1375 1154 reo

709 1215 955 1299 Periphanes
1049 1207 1055 1222 '

724 1455 946 1538 Apoecides

275 1669 438 1754 Continuo
461 1677 497 1734 ut
519 1651 747 1736 marims'fiat.
925 1757 930 1766 ῃ

710 1777 966 1862 Periphanes

791 1886 904 1952 Laudo
928 1888 1102 1954 concilium
1125 1895 1235 1968 tuum3

274 1993 358 2060 Nam
378 2015 436 2078 ego
454 1994 547 2060 illum
566 1995 679 2062 audiui
696 1996 730 2060 in
748 2016 891 2060 amorem
911 1994 1046 2062 haerere
1065 1996 1155 2082 apud
1173 1997 1279 2061 nescio
1296 2012 1378 2080 quam

1040 2103 1220 2186 fidicinam

275 2209 312 2274 Id
336 2232 395 2294 ego
419 2212 598 2276 excrucior.

738 2319 935 2403 Epidicus

512 2429 553 2493 Di
576 2427 684 2493 hercle
708 2447 820 2492 omnes
844 2449 894 2492 me
918 2427 1087 2507 adiuuant,
1113 2437 1244 2510 augent,
1268 2433 1378 2502 amant;

276 2533 342 2618 Ipsi
366 2534 400 2600 hi
423 2535 555 2618 quidem
579 2535 658 2600 mihi
681 2535 762 2600 dant
784 2537 884 2615 niam,
906 2556 971 2619 quo
994 2543 1092 2620 pacto
1115 2536 1157 2602 ah
1174 2557 1210 2601 ee
1228 2543 1378 2620 argentum

298 2639 301 2646 ’
978 2709 985 2724 ,
1045 2644 1201 2718 auferam.
1340 2657 1379 2710 194

277 2751 343 2832 Age
362 2751 531 2816 nunciam
550 2772 631 2816 orne
649 2758 692 2829 te,
705 2751 850 2835 Epidico,
869 2751 1084 2838 etpaliiolum
1100 2754 1133 2817 in
1146 2753 1264 2818 collum
1275 2751 1377 2842 conice.
1459 2782 1460 2843 ᾗ

276 2859 392 2939 ltaque
415 2859 621 2938 adsimulato,
644 2861 740 2944 quasi
759 2881 818 2943 per
835 2860 950 2926 urbem
968 2865 1074 2926 totam
1091 2859 1253 2925 hominem
1270 2857 1377 2943 quaesi·

316 3053 319 3062 Ι
1019 3037 1030 3064 ⁸,
1045 2989 1141 3034 uerre.

214 3117 218 3126 -
276 3075 353 3156 Age,
377 3075 502 3156 siquid
519 3077 659 3158 agiei-
674 3077 717 3141 Di
734 3077 937 3156 inmortales,
957 3079 1085 3142 utinam
1102 3077 1292 3142 conueniem
1309 3069 1379 3136 doni
1430 3063 1433 3077 “

276 3179 503 3267 Periphanem,
522 3205 582 3268 per
601 3205 728 3250 omnem
745 3183 859 3248 urbem
877 3204 974 3268 quem
987 3206 1060 3249 sum
1072 3184 1222 3250 deieeeue
1235 3199 1379 3270 quaerere,
1458 3247 1459 3280 ἶ

276 3290 338 3354 Per
361 3292 553 3386 medicinae,
575 3313 635 3376 per
656 3293 848 3372 tonstrinae,
872 3293 907 3357 in
928 3293 1097 3376 gymnasio
1119 3299 1223 3375 atque
1245 3292 1278 3354 in
1298 3285 1367 3358 foro,
1459 3302 1460 3379 J

277 3398 341 3464 Per
362 3401 543 3483 myropolia
565 3407 599 3465 et
619 3400 768 3466 lanienae
791 3401 978 3484 circumque
1001 3396 1216 3482 argentariae.
1342 3405 1381 3459 ooo

277 3507 463 3590 Rogitando
485 3529 556 3582 sum
580 3528 700 3574 rancus
722 3507 846 3590 iactum
869 3527 974 3591 paene
996 3508 1030 3571 in
1053 3527 1151 3572 cursu
1175 3503 1307 3572 concidi.

714 3638 969 3722 Periphanes

279 3747 426 3830 Epidico.

740 3853 938 3936 Epidicus

405 3963 579 4047 Epidicum
602 3962 676 4046 quie
699 3969 748 4044 eet
771 3963 826 4045 qui
850 3964 1007 4029 reuocat?

349 4151 397 4206 let
417 4109 569 4219 conspicor
587 4148 733 4218 Apeciden
822 4151 871 4202 192
888 4151 1026 4209 inmorem
1116 4148 1164 4200 193
1183 4163 1300 4202 excruor
1369 4126 1372 4140 ¹

278 4236 368 4290 omnic
442 4237 490 4290 197
509 4236 679 4300 concinium¹
726 4235 777 4288 202
795 4233 850 4286 ΑΡ.
869 4233 988 4304 Epidico
