2982 5014
241 343 314 426 ’444
725 359 900 414 Menaechmi,

253 569 301 613 me
323 553 437 632 neyaut
458 569 526 612 eum
550 568 633 626 esse,
664 551 717 630 qm·
740 569 819 612 sum.
877 553 941 613 Hoc
968 553 1103 632 profecto
1133 573 1221 614 nemo
1247 557 1381 628 negavit,

254 676 307 714 uec
336 677 371 714 ea
400 655 437 714 ds
465 675 551 714 cuuss
581 655 716 714 exclusus
750 661 808 728 sut,
842 655 894 714 ssd
929 660 1000 734 quis
1031 657 1144 715 furt-um
1178 659 1381 728 oommissrut3

253 778 357 816 vsrsus
379 763 440 818 tum
465 761 581 835 ineptus
605 763 661 830 est,
682 763 717 814 ut
739 778 856 816 necesse
879 762 919 818 sit
942 761 1090 818 eiiciutur.
1145 749 1298 818 Iutsllsxit
1322 757 1381 818 hoc

253 863 385 938 Langen.
409 863 439 918 in
459 860 566 945 Philul.
585 859 671 918 XXX
693 879 722 936 p.
743 862 814 919 435.
860 859 971 919 Ritsch.
996 862 1142 920 orationis
1164 865 1279 920 tautum
1302 859 1383 918 vitiu

253 971 425 1042 perspecto,
461 966 531 1040 quia
554 963 680 1022 alterum
703 962 867 1021 membrum
892 963 1056 1022 desiderari
1078 963 1254 1036 videbatur,
1287 963 1381 1021 talem

253 1085 370 1125 versum
394 1065 523 1124 addidit:
562 1065 640 1138 „Alii
665 1085 709 1122 me
732 1083 796 1122 ssss
819 1067 917 1138 aiunt,
949 1068 999 1142 qui
1029 1085 1088 1124 non
1112 1087 1191 1138 sum,
1221 1086 1253 1124 ae
1276 1085 1384 1124 seruos

255 1189 286 1226 se
310 1188 374 1227 ssss
398 1185 478 1226 moos
501 1163 635 1226 uoluut“.
661 1197 698 1208 -
727 1168 805 1226 1022
829 1169 931 1245 priore
953 1167 1018 1225 lodo
1040 1170 1084 1225 sio
1106 1168 1262 1226 scribitur:

285 1270 353 1329 'Uel
371 1271 421 1328 ille
439 1273 490 1347 qui
508 1290 538 1329 su
554 1278 658 1346 petere
672 1269 759 1329 modo
774 1275 930 1344 argeutum
942 1271 1029 1328 modo
1042 1271 1093 1346 qui
1105 1290 1225 1328 seruum
1237 1289 1270 1327 ss
1281 1289 1382 1327 meum

298 1372 372 1430 Esse
395 1373 494 1431 siebat-
517 1393 604 1448 quern
628 1393 683 1450 ego
705 1372 792 1430 modo
816 1373 899 1430 emisi
922 1387 1020 1430 maun.

249 1476 386 1547 'Quorum
416 1493 480 1552 quae
509 1475 713 1534 additamenta
741 1476 843 1551 spuria
873 1461 943 1532 suni
976 1473 1070 1532 altero
1104 1473 1169 1532 loco
1202 1481 1382 1551 comparato

253 1577 340 1637 suciis
370 1585 573 1636 secernuntur.
631 1576 716 1649 Quod
745 1582 843 1634 sutem
871 1575 900 1634 h.
923 1576 943 1634 1.
972 1577 1152 1653 priucipium
1184 1580 1230 1634 est
1260 1577 1380 1648 „Etiam

253 1677 331 1750 hie“‚
363 1681 390 1736 ei
421 1683 483 1737 sius
514 1679 604 1740 dubio
633 1659 849 1756 uraeserendum
872 1683 934 1748 est,
969 1677 1048 1754 quod
1071 1678 1132 1736 illio
1154 1679 1280 1752 legitur:
1322 1673 1381 1740 t'el

254 1775 308 1840 ille
330 1779 392 1858 qui,
417 1783 526 1840 louutio
548 1801 617 1840 vers
641 1781 789 1852 Plautius,
814 1781 850 1838 us.
872 1782 946 1854 8593
971 1779 1078 1856 quibus
1096 1780 1178 1858 quod
1194 1785 1226 1839 in
1243 1783 1380 1857 proximo

254 1902 342 1941 versu
365 1876 400 1942 Is
423 1883 553 1956 additur,
575 1903 603 1942 v.
622 1884 659 1941 ud
676 1885 759 1942 Asin.
780 1885 849 1940 523.
885 1882 1054 1956 Langenius
1073 1883 1169 1940 miuus
1186 1889 1266 1941 recte
1286 1881 1376 1960 „qui‘

254 1987 368 2057 omisit;
408 1985 461 2044 R.:
500 1987 573 2060 „Uel
602 1987 651 2044 ille
680 1987 733 2063 qui
761 2005 790 2042 se
822 1991 925 2062 petere
959 1991 1113 2060 argeutum
1147 1981 1221 2057 aid,
1256 1985 1378 2044 adscitis

254 2089 365 2166 spuriis
377 2091 580 2165 progenuiuis'.
594 2117 631 2130 ·-
650 2089 743 2146 1024.
764 2081 806 2146 Id
816 2083 847 2145 si
858 2093 889 2145 st
901 2087 928 2144 h.
943 2088 962 2144 l.
975 2085 997 2144 C
1009 2093 1040 2143 st
1051 2088 1151 2164 priore
1163 2086 1229 2146 loco
1240 2095 1376 2164 uterque.

257 2219 292 2230 -
321 2192 411 2248 1025.
434 2185 486 2249 Ne
509 2192 574 2250 ium
592 2189 752 2249 Lamb.-·-
772 2193 862 2249 1026.
890 2185 1045 2262 „sisbuut“
1072 2179 1151 2246 Cuin.
1176 2209 1246 2262 em.;
1270 2186 1378 2248 dionant

254 2291 339 2351 Both.
363 2321 406 2332 -
428 2291 510 2352 mira
531 2291 612 2365 sunt,
637 2313 664 2350 v.
683 2292 720 2350 ud
737 2292 843 2368 Amph.
864 2293 935 2350 279.
956 2319 993 2332 -
1025 2293 1115 2350 1027.
1140 2291 1253 2350 Gellius
1269 2292 1374 2364 xvm,

258 2396 286 2466 9,
311 2396 345 2453 4:
384 2393 563 2466 „Varronem
593 2415 711 2472 quoque
739 2413 856 2453 versum
885 2392 963 2452 huno
992 2393 1092 2451 Plauti
1122 2393 1158 2451 ds
1187 2394 1376 2454 Msnaechmis

261 2497 380 2572 „Nihilo
404 2499 500 2555 miuus
523 2517 587 2554 ssss
610 2497 730 2554 uidetur
753 2499 861 2554 sectius
885 2515 972 2572 quum
995 2491 1127 2554 sumnia“
1147 2497 1188 2555 sic
1212 2517 1376 2556 enarrasse:

258 2600 352 2658 nihilo
375 2601 469 2673 magis
491 2599 640 2658 narranda
662 2617 724 2657 esse
748 2619 837 2677 quum
857 2601 881 2656 si
899 2619 934 2655 eu
952 2604 1049 2656 essent
1067 2597 1212 2658 somniu“.
1247 2599 1330 2660 Unde
1342 2599 1376 2659 R.

258 2703 382 2760 formum
415 2689 559 2772 ηειεεὺίῑιειἒ
591 2704 713 2778 recepit.
759 2701 816 2759 Ssd
845 2721 916 2758 veru
942 2701 1029 2758 huius
1062 2702 1258 2779 comparativi
1285 2703 1377 2761 formu

258 2801 360 2864 setius
388 2805 506 2862 videtur
537 2819 552 2861 e
579 2805 684 2878 longa,
719 2823 745 2861 v.
777 2803 921 2862 Fleckeis,
953 2803 1032 2862 Mus.
1055 2802 1149 2861 Rhsn.
1172 2803 1243 2862 VIII
1264 2824 1294 2881 p.
1318 2805 1373 2864 221

259 2927 338 2984 sqq.,
374 2906 534 2965 Weihrich.
564 2905 671 2964 Philol.
700 2905 786 2964 XXX
818 2927 847 2984 p.
879 2907 949 2964 626.
994 2906 1038 2964 Pl.
1068 2905 1140 2964 cist.
1171 2909 1242 2965 519.
1292 2907 1374 2984 Corp.

258 3009 334 3067 Insc.
359 3009 424 3066 Lat.
449 3011 470 3078 Ι,
498 3010 556 3068 198
580 3028 608 3067 v.
633 3011 683 3080 70,
716 3010 773 3068 199
797 3029 824 3066 v.
850 3011 900 3067 27.
949 3008 994 3066 De
1020 3005 1176 3084 „sequius“
1209 3009 1329 3068 ebrevi
1349 3029 1374 3066 v.

261 3111 300 3168 ad
321 3112 387 3169 Aul.
412 3113 484 3169 428.
510 3141 550 3150 -
576 3113 665 3170 1029.
691 3105 728 3170 Si
743 3126 893 3186 possum
917 3109 1143 3188 exspectabatur
1165 3113 1373 3182 coniunctium,

259 3233 287 3272 v.
312 3213 411 3272 Mudv,
435 3212 486 3271 Gr.
512 3213 577 3272 Lat.
601 3216 660 3272 451
687 3213 715 3272 d.

348 3626 437 3686 1030.
461 3623 623 3699 Postquam
643 3622 842 3682 Msnaeuhmus
859 3622 955 3683 Erotii
975 3623 1053 3680 aedss
1074 3623 1207 3695 intravit,
1231 3643 1268 3680 sx
1286 3623 1374 3680 sltsrs

260 3729 409 3805 proscenii
438 3731 523 3802 purte
552 3725 714 3783 adveniunt
742 3726 835 3782 frater
863 3728 927 3783 eius
951 3725 1150 3800 Syracusanus
1179 3732 1210 3782 st
1233 3725 1372 3784 Messenio

260 3847 371 3888 servus.
392 3859 433 3868 -
453 3831 543 3887 1032.
569 3843 661 3904 quom
681 3848 735 3886 em.
749 3827 795 3898 R„
807 3821 950 3901 ferebant
968 3828 996 3886 te
1008 3827 1092 3885 Grut.
1110 3855 1152 3867 -
1169 3821 1331 3900 sublimen,
1347 3847 1370 3884 r.

262 3933 332 3990 973.
345 3960 388 3970 -
410 3933 498 3989 1034.
521 3926 556 3989 ui
570 3925 746 4006 puynuudo
764 3929 843 3988 Cum.
863 3950 917 3988 sm.
937 3957 979 3969 -
997 3925 1154 4005 inuratiiu
1179 3929 1214 3990 cf.
1229 3931 1294 3989 Cas.
1309 3933 1370 3988 179.

259 4063 302 4074 -
323 4036 413 4092 1035.
438 4029 583 4103 amisisti,
608 4052 634 4089 v.
659 4033 696 4090 ad
719 4033 802 4090 Asin.
827 4033 896 4091 604.
917 4059 960 4071 -
980 4033 1070 4090 1036.
1095 4032 1244 4106 quantum
1264 4033 1370 4108 potest,

150 4145 155 4150 “
261 4157 288 4194 v.
307 4136 346 4194 sd
364 4136 470 4212 Amph.
492 4137 567 4208 9643
599 4135 740 4192 hocloco
766 4154 831 4192 cum
856 4135 1009 4212 praetsrito
1026 4131 1190 4210 iungitur.“
1223 4138 1265 4174 ’-
1290 4136 1370 4194 1030.

265 4231 349 4312 Quin
371 4237 535 4296 Saraceuus
558 4258 612 4296 sm.
