3030 5022
284 377 344 440 142
793 371 886 426 Plauti

280 561 417 628 Potesse
440 560 679 628 dissimulando
701 561 859 628 intectum
881 560 942 626 hoo
964 541 1112 628 reddere.

284 668 369 748 Quid
392 677 502 736 autern
526 670 614 755 quod
636 691 689 737 me
713 670 849 737 absente
872 669 926 735 hio
947 675 1056 735 tecum
1078 667 1167 734 filius

281 777 399 861 Negoti
422 777 547 860 gessit?

794 883 899 957 Simo

592 992 720 1066 Meoum
744 999 781 1058 ut
803 993 859 1058 ille
881 992 934 1058 hio
956 993 1104 1076 gesserit,

281 1099 366 1166 Dum
389 1107 426 1166 tu
449 1101 524 1166 hino
547 1101 637 1178 abes,
660 1101 771 1184 negoti
794 1101 984 1184 quidquam?

694 1241 991 1324 Theopropides

1022 1351 1074 1416 Ne
1095 1369 1183 1434 nepe,
1345 1368 1421 1421 1⁰00

279 1456 356 1522 Etsi
381 1457 439 1522 tibi
462 1476 552 1542 aspre
573 1475 657 1522 nouo
679 1463 734 1522 est.

789 1585 896 1653 Simo

784 1696 948 1776 Quidnam
971 1705 1030 1762 aut
1052 1717 1115 1779 quo
1138 1695 1215 1762 die?

688 1837 993 1922 Theopropides

278 1945 385 2011 Minas
408 1946 471 2013 tibi
494 1949 662 2028 octoginta
684 1947 811 2029 argenti
835 1945 949 2012 debeo.
1066 1981 1070 1992 ·

784 2087 889 2154 Simo

277 2194 354 2260 Non
375 2196 455 2261 mihi
479 2195 611 2280 quidem
634 2194 760 2278 herole;
784 2218 900 2262 uerum
923 2197 952 2262 si
974 2195 1085 2276 debes,
1106 2194 1195 2284 oedo.

276 2301 375 2370 Fides
398 2305 610 2385 seruandam
634 2325 674 2370 ne
697 2306 746 2370 ire
768 2303 891 2370 infitias
914 2305 1071 2390 postules.

688 2443 1000 2532 Theopropides

236 2617 239 2624 ,
276 2554 427 2622 Proiecto
450 2575 516 2620 non
538 2553 665 2638 negabo
689 2554 819 2634 debere,
843 2562 877 2620 et
900 2551 1003 2636 dabo;
1338 2572 1410 2624 1005

277 2661 326 2729 Tu
349 2683 429 2730 caue
453 2661 671 2746 quadriginta
692 2665 860 2747 soeepiase
882 2661 959 2728 hino
981 2669 1015 2728 te
1037 2682 1144 2744 neges.
1399 2673 1404 2682 '

790 2802 894 2869 Simo

280 2914 498 2996 Quadroyiuta
520 2913 675 2993 occepisse
695 2931 760 2977 ooo
781 2933 889 2994 nepem
911 2912 1038 2978 minas?

686 3052 999 3138 Theopropides
1071 3134 1076 3141 .

278 3163 407 3242 Quaeso
432 3161 557 3246 edepol,
580 3161 645 3228 huo
667 3183 718 3228 me
740 3162 901 3245 adspeota
924 3167 958 3228 et
980 3159 1144 3245 responde
1166 3159 1262 3224 mihi:

277 3269 361 3348 Quot
383 3270 532 3336 arraboni
555 3270 643 3335 dedit
665 3268 723 3334 tibi
744 3269 871 3353 argenti
894 3271 998 3335 minas
1089 3313 1091 3316 -
1165 3355 1169 3362 Ι

276 3377 373 3443 Meus
393 3377 491 3458 itlius·
506 3375 729 3450 Philolaches?

789 3517 892 3585 Simo

771 3625 841 3711 Ego
865 3627 973 3693 dioam
994 3626 1071 3709 tibi:
1332 3644 1396 3698 1010

277 3733 325 3798 Ta
380 3784 901 3800 .........

276 3841 324 3906 De
346 3841 495 3908 teaedis
552 3891 559 3906 .
616 3893 622 3906 .
679 3891 687 3906 .
742 3842 835 3908 aedis
858 3843 982 3908 emerit.

363 4078 414 4131 998
432 4077 474 4132 SI.
493 4067 567 4146 Quid
585 4079 698 4134 autem?
717 4077 773 4133 ΤΗ.
792 4079 867 4148 quod
884 4079 912 4133 Β
985 4085 1078 4135 tecum
1096 4096 1146 4136 om.
1165 4077 1216 4135 Bo
1286 4083 1388 4136 1000-1

274 4163 373 4232 negoti
392 4163 526 4233 quidnam
545 4169 593 4220 aut
612 4181 667 4233 quo
687 4163 732 4218 die
847 4167 913 4236 1004
932 4165 1068 4220 seruanda
1088 4165 1110 4220 0
1198 4167 1270 4220 1006*
1281 4167 1341 4222 hino
1354 4185 1389 4222 ne

275 4265 360 4318 neges
430 4251 497 4304 1007
515 4265 566 4304 om.
584 4248 636 4303 ΒΟ
705 4251 770 4305 1008
787 4248 881 4317 Quoto
898 4251 926 4305 Β
997 4253 1132 4306 loeo-12
1149 4267 1200 4307 osu.
1217 4251 1269 4307 Bo
