2982 5012
33 431 41 444 .
129 392 168 461 V,
181 396 204 461 2,
214 395 320 447 45—53
436 437 442 452 .
635 391 778 460 Epidicus.
868 471 881 496 θ
1221 399 1256 458 61

574 580 826 663 Periphanes
913 567 921 584 ’

629 679 719 764 Quae
742 687 832 767 haec,
857 688 990 764 malum,
1012 691 1261 783 inpudentissi?

600 811 800 896 Epidicus

127 924 244 988 Etiam
269 922 458 988 inclamitor
480 921 573 1004 quasi
598 921 734 986 seruos?

574 1045 831 1131 Periphanes

761 1152 864 1229 Quom
886 1160 924 1219 iu
947 1175 980 1217 es
993 1153 1097 1232 iiber,
1121 1155 1259 1238 gaudeo.

601 1259 679 1340 Epi
687 1261 727 1324 di
735 1281 801 1325 eus

128 1372 252 1442 Merui.
275 1378 314 1436 ut
335 1369 456 1435 fierem.

574 1477 832 1561 Periphanes

452 1585 501 1650 Tu
523 1580 694 1650 mernisti?

607 1703 801 1792 Epidicus

688 1814 765 1882 Uise
788 1817 890 1896 intr03
913 1837 973 1900 ego
996 1817 1073 1882 faxo
1096 1819 1189 1897 scies,
1209 1835 1260 1886 ⁷10

131 1929 206 1992 Hoc
230 1929 280 1992 ita
304 1945 385 1990 csse.

360 2029 365 2040 '
577 2031 827 2116 Periphanes

411 2140 515 2220 .Quid
538 2149 588 2206 est
611 2142 745 2224 negoti?

601 2265 799 2349 Epidicus

475 2361 481 2382 '
620 2372 1225 2456 ..mmmmm

132 2484 196 2548 Abi
222 2479 324 2547 modo
348 2483 443 2548 intro.

574 2588 828 2672 Periphanes

235 2698 284 2771 Ei,
306 2719 372 2764 non
388 2698 468 2763 illuc
486 2706 607 2764 temere
626 2707 685 2762 est.
703 2731 746 2742 —
764 2696 914 2762 Adserua
935 2697 1044 2770 istum.
1068 2697 1257 2782 Apoecides.

589 2821 812 2907 Apoecides

134 2931 221 3008 Quid
245 2931 334 3011 illoc,
357 2931 504 3015 Epidico,
527 2938 580 2996 est
600 2931 734 3013 negoti?

269 3035 272 3043 Δ
601 3054 802 3139 Epidicus

573 3147 577 3156 ’
772 3161 926 3228 Maxuma
949 3163 1057 3228 hercle
1080 3166 1200 3229 iniuria

132 3230 278 3338 ¹Uinctus
301 3271 404 3351 adsto,
429 3272 546 3355 qncius
569 3270 644 3336 huic
667 3241 764 3336 hodie
789 3291 892 3354 opera
912 3273 1078 3338 inuentast
1101 3272 1177 3336 filia.

154 3357 168 3400 ²
586 3395 813 3479 Apoecides

137 3503 199 3566 Ain
220 3511 257 3568 tn
281 3512 314 3569 ie
336 3503 425 3569 illius
447 3505 612 3569 inuenisse
636 3503 761 3568 filiam?

601 3634 798 3718 Epidicus

815 3740 940 3822 Inueni,
964 3749 997 3808 ei
1020 3742 1259 3812 demissam

141 3846 259 3914 Sedmt
274 3849 467 3927 acerbumst,
492 3871 551 3934 pro
575 3849 754 3915 benefactis
773 3869 871 3932 quom
895 3850 971 3915 mali
988 3851 1119 3915 messim
1139 3849 1258 3915 metas!

186 4005 267 4012 ⁹...-
290 4007 368 4013 .....-...

208 4089 259 4140 108
277 4088 470 4157 inpudentiast
487 4104 536 4144 om.
617 4090 668 4140 709
685 4087 838 4142 indemitcr
856 4104 910 4155 que
930 4087 953 4141 si
971 4105 1076 4142 seruus.
1099 4087 1175 4168 SEB.
1194 4105 1258 4141 cnm

144 4169 193 4222 ’110
208 4171 287 4227 Uiase
347 4173 458 4228 7121bi
531 4177 581 4227 714
599 4175 678 4227 cuius
697 4174 757 4227 heco
775 4173 859 4228 hodie
921 4173 1037 4227 inuenta
1055 4173 1077 4227 si
1095 4171 1152 4225 filia
1209 4173 1260 4225 716

146 4267 204 4307 curn
221 4259 302 4312 malis
319 4275 364 4312 me
382 4260 435 4312 sim
453 4266 511 4314 met
529 4277 558 4314 as
