2976 5018
288 369 347 431 178
765 366 926 420 Cistellaria.

285 559 365 618 Male
393 566 491 617 autem
521 559 650 618 editores
677 579 734 636 pro
763 553 874 619 tabae
904 557 1045 634 „baberi“
1076 563 1267 638 scripserunt.
1291 589 1324 600 -
1348 563 1383 619 l2.

285 679 344 741 que
372 665 610 721 coniunctionem
639 668 690 722 sut
721 661 823 721 abesse
851 667 1071 740 exspectaveris
1105 669 1157 721 aut
1189 671 1239 734 „et
1266 663 1383 741 quidem“

283 768 413 844 positum
436 787 514 840 osse,
548 765 599 826 sed
623 787 649 824 r.
670 767 706 823 ad
725 764 805 823 Pers.
830 769 901 826 480.
925 797 966 806 —
991 770 1039 826 13.
1063 767 1254 841 capsacem
1276 767 1385 826 Gronov.

284 890 354 942 em.;
388 875 525 949 expetere
554 875 602 926 est
629 868 762 940 studere,
791 871 828 928 cl.
853 869 917 928 Cas.
941 873 1014 929 409.
1051 901 1087 910 -
1126 872 1163 928 14
1187 891 1231 946 sq.
1256 871 1388 928 Charisius

281 994 311 1052 p.
336 975 376 1030 45
401 979 432 1030 et
458 975 532 1043 lll,
567 977 602 1030 ut
630 972 755 1030 ablativi
783 972 905 1030 formam
934 988 1020 1031 more
1050 973 1173 1050 probet:
1212 973 1345 1046 „Plautus
1365 976 1388 1030 in

283 1076 465 1134 Cistellaria:
495 1074 625 1132 secundo
655 1081 746 1132 uento
768 1080 871 1133 uectus
894 1083 939 1133 est
962 1075 1126 1152 tranquillo
1148 1073 1258 1134 mare“.
1310 1077 1389 1134 Varro

283 1179 317 1236 L.
341 1179 375 1238 L.
401 1179 434 1246 V,
461 1181 514 1236 72:
542 1177 682 1250 „Venalis
705 1200 722 1234 a
744 1178 890 1236 ueniendo
912 1199 946 1236 ac
968 1184 1061 1236 uentu
1084 1179 1145 1250 illo,
1170 1199 1256 1254 quem
1280 1181 1389 1238 Plautus

281 1281 370 1340 dicit:
406 1280 492 1352 Quod
520 1281 562 1339 ibi
591 1273 669 1339 dixit
695 1282 747 1355 qui
776 1280 905 1338 secundo
932 1287 1024 1340 uento
1047 1289 1150 1341 uectus
1173 1289 1220 1341 set
1242 1283 1389 1359 tranquillo

282 1387 365 1456 mari,
395 1391 517 1444 uentum
546 1380 692 1459 gaudeo“.
749 1385 832 1445 Anus
860 1391 921 1442 tam
951 1405 982 1442 ee
1011 1387 1141 1444 adventu
1169 1386 1297 1463 gaudere
1318 1388 1388 1453 dicit,

282 1509 370 1564 quam
394 1489 445 1564 qui
467 1489 548 1545 felici
572 1505 659 1545 cursu
683 1505 762 1544 mars
785 1489 951 1560 traiecerit;
976 1490 1064 1547 simul
1087 1495 1186 1548 autem
1210 1490 1312 1566 putido
1334 1509 1388 1544 uer·

282 1591 386 1650 bornm
408 1591 475 1650 luen
497 1595 620 1650 ventum
643 1589 803 1664 dupliciter
827 1589 886 1649 dici
909 1599 1128 1650 commemorat.
1145 1623 1188 1632 -
1210 1594 1326 1651 ecastor
1345 1611 1390 1668 per

283 1693 534 1773 episynaloephen
558 1712 623 1750 cum
641 1691 758 1750 duobus
775 1693 1019 1752 antecedentibus
1035 1696 1187 1754 vocalibus
1207 1699 1388 1772 coniungitur.

284 1829 322 1838 -
338 1801 385 1856 17.
409 1793 479 1856 Nec
497 1796 564 1853 edd.
580 1825 619 1836 ·-
638 1791 813 1869 clism'plt'no,
835 1816 898 1854 mos
916 1801 946 1854 et
964 1799 1132 1857 institutum
1150 1800 1281 1872 vivendi,
1305 1800 1338 1856 cl.
1360 1797 1390 1854 ad

281 1903 363 1958 Asin.
378 1901 447 1958 200.
473 1899 578 1958 Pseud.
594 1900 686 1956 1007.
706 1927 747 1936 —-
770 1893 816 1958 ibi
838 1899 980 1972 abundat,
1003 1922 1031 1960 r.
1044 1900 1081 1957 ad
1094 1901 1178 1960 Gurc.
1193 1905 1263 1960 475.
1287 1931 1327 1942 -
1350 1903 1389 1958 18.

284 1997 442 2076 „niminm“
458 2007 629 2078 corruptum
646 2010 701 2074 est,
726 2022 792 2060 nam
811 2003 986 2060 abhorrete
1008 2023 1136 2079 persona
1158 2005 1296 2076 dicentis;
1318 1999 1390 2063 enim

281 2107 395 2184 scripsi.
410 2135 446 2144 -
462 2098 563 2176 dabat,
576 2125 615 2164 sc.
628 2107 779 2183 pincerna,
800 2097 909 2164 omisso
922 2105 1065 2178 subiecto,
1085 2106 1165 2182 quod
1178 2127 1266 2166 unum
1280 2107 1389 2183 cogitari

279 2215 389 2286 potest,
402 2208 482 2286 quod
495 2209 574 2286 apud
587 2209 704 2268 Graecos
716 2209 825 2284 saepius
836 2207 879 2274 fit,
890 2210 966 2266 utin
980 2213 1111 2282 σημαίνει,
1125 2229 1153 2268 v.
1166 2209 1266 2267 Madv.
1280 2211 1389 2285 Syntax.
1472 2279 1473 2284 ἵ

280 2314 374 2372 Graec.
400 2313 416 2369 7
439 2334 464 2382 s,
490 2317 518 2384 5,
541 2312 673 2388 Theogn.
698 2313 773 2370 473:
808 2310 972 2382 οἰνοχοείτω.
1018 2311 1061 2370 Cf.
1085 2315 1176 2369 etiam
1201 2313 1303 2370 Bacch.
1328 2313 1389 2370 435.

280 2447 321 2458 —-
349 2415 419 2473 Mox
448 2416 538 2488 vulgo
561 2414 664 2472 addita
687 2417 893 2472 coniunctione
916 2415 1030 2473 editur:
1067 2422 1175 2493 „atque
1198 2417 1231 2474 id
1252 2410 1390 2480 merum“;

279 2511 441 2590 inftttoorc
468 2525 567 2575 autem
594 2517 654 2574 diei
682 2523 784 2575 censet
805 2517 960 2576 Turnebus
994 2519 1107 2595 ,quod,
1142 2539 1232 2595 quum
1266 2517 1389 2592 generosi

279 2623 339 2682 vini
362 2625 476 2694 nigrior
499 2623 539 2678 sit
561 2621 651 2690 color,
681 2620 805 2677 dilutior
825 2623 917 2678 mixta
941 2641 1018 2698 aqua
1040 2622 1211 2697 fusciorqne
1230 2617 1390 2680 reddaturl.

280 2724 338 2784 Sed
361 2725 416 2783 hoc
439 2723 571 2793 verbum,
601 2724 626 2778 si
653 2721 691 2779 ad
719 2725 846 2798 speciem
870 2724 1008 2796 refertur,
1033 2725 1216 2783 contrarium
1240 2724 1389 2800 significat;

280 2829 443 2886 infuscatur
466 2827 544 2884 enim
568 2845 645 2902 aqua
668 2823 761 2882 effuso
785 2820 1075 2902 atramento(Pliu.),
1099 2825 1190 2884 ruber
1213 2827 1294 2886 color
1315 2830 1390 2902 nigro

280 2927 394 3006 (Gall),
418 2950 492 3003 urae,
516 2930 568 2986 ubi
591 2931 759 3002 nigrescere
781 2930 930 3005 incipiunt
951 2927 1101 3006 (Colum).
1154 2929 1260 3007 ltaque
1282 2949 1337 2988 nou
1358 2926 1390 2984 ad

278 3035 417 3106 colorem,
441 3034 494 3091 sed
516 3035 616 3110 potius
639 3032 677 3089 ad
700 3052 835 3107 saporem
859 3032 1061 3105 referendum,
1090 3039 1124 3090 ut
1147 3032 1310 3090 Columella
1330 3028 1388 3096 Xll,

282 3139 328 3208 19,
354 3141 371 3194 2
396 3142 477 3194 vetat
508 3137 688 3212 „quidquam
718 3135 787 3192 vino
820 3137 1008 3211 permisceri,
1043 3155 1101 3213 quo
1134 3137 1279 3194 naturalis
1312 3151 1390 3210 sapor

279 3238 481 3312 infuscatur“,
511 3259 544 3297 ac
566 3240 625 3296 fuit
647 3259 738 3315 quum
765 3234 830 3310 ,et“
855 3257 911 3314 pro
938 3233 1005 3309 „id“
1031 3238 1220 3296 scribendum
1243 3255 1388 3301 censerem,

277 3361 305 3399 v.
335 3347 435 3400 annot.
465 3343 502 3399 ad
530 3342 594 3399 Mil.
626 3344 695 3400 528.
757 3339 817 3398 Sed
845 3339 910 3398 fieri
943 3347 1057 3418 potest,
1098 3347 1132 3399 ut
1164 3342 1308 3400 translate
1340 3355 1389 3398 vox

277 3444 409 3515 dicatur,
442 3450 476 3501 nt
498 3443 556 3502 Cic.
581 3443 681 3501 Plano.
707 3447 734 3515 9,
760 3445 815 3501 22:
854 3445 1007 3514 „vicinitas
1040 3465 1099 3502 non
1132 3446 1278 3502 infuscata
1311 3441 1388 3500 male·

277 3541 439 3616 volentia“,
463 3550 494 3602 et
515 3545 582 3602 lena
605 3548 666 3602 vini
688 3565 822 3622 saporem
846 3547 969 3620 infringi
993 3547 1080 3614 dicat,
1105 3549 1175 3623 qnia
1196 3549 1293 3604 rarius
1316 3542 1388 3604 mini·

277 3655 398 3708 stretur.
412 3679 453 3686 -
469 3650 516 3707 19.
529 3639 649 3722 Iusque
659 3642 780 3724 fasque,
794 3669 821 3706 v.
835 3647 873 3706 ad
885 3649 991 3725 Amph.
1001 3652 1029 3708 7.
1052 3651 1135 3707 Asin.
1146 3651 1215 3708 570.
1239 3649 1315 3707 Rud.
1329 3647 1388 3706 367.

277 3751 357 3810 Trin.
380 3753 450 3810 647.
471 3751 542 3810 826.
564 3753 635 3809 877.
654 3782 695 3791 -
715 3753 764 3810 22.
787 3745 883 3808 Hosto
905 3746 1058 3824 ordinem,
1081 3755 1262 3825 meretrices,
1286 3753 1322 3812 cf.
1345 3749 1386 3807 31.

277 3854 344 3912 Ter.
368 3853 445 3912 Eun.
492 3855 552 3912 234
581 3857 746 3930 parasitus:
780 3853 930 3926 „Conueni
953 3853 1042 3911 hodie
1065 3855 1229 3913 adueniens
1251 3854 1387 3931 quendam

276 3959 333 4014 moi
349 3957 406 4014 loci
424 3957 493 4014 hine
510 3962 599 4033 atque
618 3953 763 4015 ordinis“.
798 3957 911 4013 Nomen
929 3957 1116 4015 collectivum
1136 3957 1193 4016 sibi
1203 3959 1387 4035 predicatum

274 4059 400 4136 pluralis
423 4061 538 4116 numeri
561 4059 714 4131 adsciscit,
737 4061 930 4136 utquisque,
953 4079 981 4117 v.
1000 4058 1085 4135 Capt.
1107 4061 1178 4118 498.
1224 4061 1319 4130 Quum
1335 4075 1387 4114 ma·

273 4173 380 4234 trono,
404 4163 511 4239 inquit,
529 4165 608 4220 iuter
626 4183 658 4221 se
675 4165 835 4220 amicitiem
854 4163 962 4234 colant,
980 4168 1065 4222 tanto
1082 4164 1175 4237 magis
1193 4182 1248 4220 nos
1267 4161 1386 4238 oportet,

275 4287 340 4348 quas
362 4267 418 4326 tali
440 4265 559 4324 foedere
581 4268 648 4343 plus
672 4285 820 4342 egeamus.
853 4295 897 4305 -
931 4267 979 4323 24.
1013 4259 1194 4340 satlrtmatis³
1230 4265 1265 4323 cf.
1289 4259 1384 4321 Pseud.
