2970 5006
596 370 778 442 noculo-ia
924 447 932 466 .
1032 412 1037 422 ·
1135 397 1241 458 .299

116 603 240 660 semper
260 584 339 641 inter
360 584 487 660 optimas
509 582 610 640 Plauti
629 581 789 645 comoedias
812 583 916 642 habita
937 589 991 656 est,
1015 604 1070 644 uec
1094 585 1240 648 Lorensio

116 687 268 744 assentior
304 705 369 744 eam
408 685 475 744 aliis
513 684 690 762 quibusdam
728 687 923 762 postponenti
958 682 1001 764 (p.
1033 691 1071 746 54
1106 689 1143 746 ci.
1172 684 1238 765 41).

115 789 332 847 Recentiorum
366 781 483 867 quo'que
516 792 670 865 poetarum
704 808 763 846 nou
798 791 884 865 pauci
917 791 1027 848 imitati
1060 796 1138 850 sunt.
1194 791 1240 850 Ex

115 891 217 952 Gallis
241 891 403 950 Lorenzius
425 912 454 970 p,
469 893 505 949 61
531 891 617 949 affert
634 889 738 947 Pierre
760 890 791 948 la
807 891 909 966 Rivcy,
933 893 985 968 qui
1005 891 1082 966 „Les
1099 892 1239 972 caprits“,

115 999 152 1053 et
174 993 363 1070 Montflemy,
397 995 449 1071 qni
474 993 535 1067 ,Le
557 992 709 1052 comedien
729 991 834 1069 potte“
861 996 989 1071 scripsit.
1045 995 1143 1054 Etiam
1166 995 1240 1076 Des,

60 1125 66 1136 ·
114 1098 245 1158 toucbes
266 1102 390 1176 propter
415 1097 475 1170 „Le
497 1095 637 1156 tambour
658 1092 821 1154 nocturne“
847 1097 894 1154 hic
912 1101 1137 1157 commemorari
1153 1119 1240 1176 posse

115 1203 166 1258 ait
192 1199 310 1259 Bonnet
335 1201 367 1257 in
394 1197 579 1276 Jahrbiicher
599 1197 620 1256 f.
644 1196 751 1258 Philol.
775 1197 840 1256 cxl
867 1217 896 1276 p.
922 1201 993 1258 eet.
1037 1179 1174 1278 'Propius
1202 1202 1240 1260 ad

114 1302 262 1360 Plautum
296 1306 327 1360 et
355 1307 530 1378 argumento
558 1305 588 1358 et
616 1301 721 1360 merito
749 1299 865 1360 accedit
897 1300 1050 1378 Regnsrd,
1084 1305 1166 1363 cuius
1195 1309 1240 1364 est

120 1405 184 1478 „Le
208 1409 310 1464 retour-
331 1400 497 1482 imprevu“.
541 1403 617 1461 Hinc
640 1403 773 1462 derivata
791 1407 836 1462 est
852 1403 954 1462 fabula
971 1405 1131 1482 Fieldingii
1149 1408 1239 1486 Angli

118 1507 204 1582 „The
232 1508 396 1584 intriguing
418 1501 672 1566 Cbambermaid“.
725 1504 894 1583 Dunlopius
922 1512 1020 1566 autem
1049 1506 1187 1585 (History
1209 1511 1243 1570 oi

107 1589 236 1669 ¹Roman
265 1610 435 1669 litterature
462 1608 477 1665 I
505 1627 535 1684 p.
560 1601 635 1684 209)
664 1610 755 1666 etiam
782 1609 980 1685 antiquiorem
1008 1610 1138 1670 fabulam
1161 1611 1240 1690 Hey·

113 1711 227 1770 woodii
252 1711 332 1786 ,The
354 1711 478 1787 English
495 1707 664 1770 Traveller“
692 1716 722 1768 et
743 1711 879 1770 Italicam
899 1711 1081 1786 Bentivoglii
1107 1715 1139 1788 ,1
1158 1715 1236 1776 llan-

113 1810 226 1874 tasmi“
252 1814 290 1873 ad
312 1815 525 1874 Mostellariem
546 1815 660 1873 fontem
683 1813 786 1871 refert.
831 1813 887 1872 Sed
906 1819 974 1873 aute
991 1835 1091 1874 omnes
1109 1838 1236 1878 comme·

112 1917 278 1978 morandus
300 1922 346 1976 ast
369 1913 560 1992 Holbergius'
572 1921 698 1988 nostras,
723 1917 805 1996 cuius
822 1917 924 1974 fabule
938 1936 1082 1993 perquam
1100 1919 1236 1996 ridicula,

113 2040 184 2098 qna
200 2020 413 2080 Abracsdabra
430 2019 612 2091 inscribitur,
635 2037 672 2076 ex
689 2017 875 2078 Mostellaria
893 2039 1033 2097 expressa
1050 2027 1103 2094 est,
1122 1999 1244 2082 omissis·
1268 2041 1271 2046 ·

112 2131 218 2183 tamen
236 2127 266 2180 et
283 2121 482 2182 adulescentis
500 2121 692 2199 querimoniis
710 2127 740 2180 et
755 2121 930 2181 feminarum
949 2125 1092 2200 personis,
1111 2145 1235 2202 quarum

112 2226 196 2305 apud
219 2225 359 2284 Plautum
381 2245 441 2284 non
462 2243 556 2302 parva
577 2225 725 2283 testivitas
747 2229 778 2282 et
800 2224 946 2301 elegantia
968 2230 1021 2284 est.

203 2327 390 2405 Singularem
417 2328 558 2386 iniuriam
587 2327 648 2384 haec
670 2325 772 2386 fabula
794 2326 865 2385 olim
888 2333 1013 2404 experte
1033 2335 1079 2387 est
1100 2335 1234 2408 transpo-

111 2434 182 2492 sitis
216 2451 286 2490 casu
319 2431 407 2490 loliis.
469 2430 531 2488 Iam
566 2434 636 2488 ante
669 2429 862 2506 archetypum
897 2430 1030 2490 codicum
1063 2439 1233 2493 nostrornm
1262 2490 1264 2496 ,

109 2537 260 2612 scriptum
288 2533 426 2591 foliorum
454 2553 509 2610 par
537 2532 583 2591 vel
611 2531 792 2609 duplicatum
816 2533 1019 2592 membranum
1041 2554 1144 2594 versus
1167 2557 1235 2595 con·

109 2641 211 2697 tineus
228 2637 396 2696 ret—866
414 2637 456 2693 ita
472 2637 624 2693 inversum
641 2639 695 2708 est,
719 2639 752 2692 ut
773 2636 922 2712 posterius
939 2635 1042 2696 lolium
1060 2633 1234 2712 (stt—66)

109 2741 245 2820 priorem
267 2738 364 2796 locum
385 2742 508 2808 teneret,
536 2739 621 2814 prius
651 2733 846 2808 (787—826)
869 2739 1075 2814 posteriorem.
1121 2739 1234 2810 Quibus

110 2843 157 2900 sic
185 2844 217 2900 in
246 2839 407 2917 archetypo
435 2839 591 2917 descriptis
624 2859 715 2916 quum
748 2841 780 2898 in
811 2841 977 2918 posteriore
1009 2842 1120 2917 pagina
1152 2842 1234 2901 locus

110 2947 299 3021 superesset,
338 2944 437 3001 versui
477 2944 537 3002 826
574 2941 670 3000 additi
704 2947 773 3001 sunt
805 2943 960 3002 etr—68.
1025 2941 1115 3002 Tum·
1134 2950 1234 3004 autem

110 3047 210 3125 ipsius
243 3044 396 3123 archetypi
430 3045 488 3104 duo
515 3045 588 3102 lolia
616 3063 717 3104 versus
747 3047 913 3105 590-672
948 3045 1129 3104 continentia
1165 3067 1235 3105 essu

111 3149 220 3209 avulso
241 3148 345 3207 alienis
372 3146 446 3206 locis
475 3149 586 3205 inserta
613 3153 698 3222 snut,
732 3148 816 3226 prius
843 3153 914 3224 post
942 3165 969 3204 v.
995 3148 1070 3232 squ,
1106 3148 1234 3209 alterum

110 3255 183 3330 post
207 3250 297 3322 1047,
328 3268 452 3326 eumque
475 3249 613 3308 foliorum
636 3255 688 3308 aut
710 3269 848 3308 versuum
871 3250 1013 3308 ordinem
1029 3249 1143 3309 codices
1166 3253 1235 3311 inde
1320 3283 1326 3290 ·

111 3355 257 3430 descripti
274 3352 298 3410 B
316 3356 347 3409 et
363 3351 386 3409 Ο
403 3352 553 3428 ceterique
575 3371 676 3412 omnes
698 3357 869 3412 tenuerunt.
913 3352 987 3411 Tam
1009 3370 1116 3426 graves
1138 3355 1234 3413 turbs

110 3476 174 3516 uon
207 3455 258 3514 din
291 3455 420 3513 editores
450 3453 633 3528 fefellernut3
666 3457 779 3532 primus
812 3453 953 3530 Pylades,
983 3459 1046 3512 tum
1077 3455 1232 3531 Angelius,

111 3563 267 3638 postremo
289 3557 475 3616 Camerarius
503 3559 602 3633 sagaci
629 3560 749 3633 ingenio
777 3558 920 3635 plereque
947 3559 1159 3632 restituerunt,
1194 3564 1232 3633 et,
1282 3578 1287 3590 ·

110 3663 172 3721 nisi
196 3660 276 3737 quod
299 3659 410 3718 Parcus
433 3659 568 3718 codicum
596 3645 731 3718 ordrbem
758 3661 897 3727 retinuit,
928 3659 997 3719 inde
1026 3681 1044 3718 a
1066 3659 1234 3719 Comei-ario

111 3763 217 3824 fabula
239 3763 312 3822 satis
335 3767 416 3820 recte
439 3761 577 3820 ordinate
597 3763 675 3820 lecta
697 3769 751 3822 est.
806 3761 866 3822 Sed
892 3763 939 3820 vir
969 3762 1170 3836 doctissimus,
1200 3769 1235 3822 ut

111 3865 163 3939 fit,
188 3885 279 3942 quum
301 3869 364 3924 tam
386 3865 481 3923 mults
503 3864 725 3943 transponenda
747 3885 810 3925 esse
832 3865 971 3940 vidisset,
995 3885 1114 3924 causam
1136 3873 1233 3926 autem

113 3967 271 4027 turbarum
293 3987 353 4026 non
374 3967 569 4044 intelligeret,
599 3969 688 4026 etiam
710 3967 869 4040 nonnulla,
900 3987 965 4046 ques
993 3968 1075 4044 tangi
1104 3987 1164 4026 non
1185 3967 1233 4026 de-

112 4073 257 4144 buerant,
287 4069 384 4129 locum
411 4074 526 4130 mutere
554 4069 643 4128 iussit
665 4075 695 4128 et
716 4089 775 4128 ves.
799 4071 966 4130 stu-918
990 4063 1150 4146 (integram
1173 4091 1233 4130 sce·

93 4168 195 4250 mam)
223 4178 294 4249 post
322 4192 349 4231 v.
364 4173 432 4231 ’841
463 4171 575 4250 posuit.
626 4171 690 4232 Hoc
717 4173 794 4232 mole
821 4172 931 4231 lactum
959 4191 1024 4232 esse
1052 4170 1234 4232 Bitscbelius

114 4275 246 4334 ostendit
267 4273 386 4352 Porci-g.
409 4295 439 4352 p.
462 4274 523 4332 436
547 4294 607 4352 sq,
642 4275 679 4332 de
706 4274 826 4334 turbato
856 4293 1008 4334 scenarum
1035 4273 1138 4332 ordine
1169 4275 1232 4333 Mo-
