3030 5022
114 406 287 477 ‘lasa-sa
589 413 766 472 Mostellaria.

535 601 821 672 Philematium

122 706 153 770 Si
177 707 256 789 quid
279 715 315 774 tu
338 711 371 774 in
393 709 485 775 illum
506 711 588 776 bene
611 711 702 777 uoles
724 711 834 800 loqui,
848 709 882 776 id
904 710 994 792 loqui
1015 709 1140 792 licebit3

121 813 189 879 Nec
212 821 302 882 recte
325 819 353 882 si
375 817 424 883 illi
447 819 577 900 dixeris,
599 821 664 884 iam
687 825 815 885 ecastor
836 818 1020 904 uapulabis.
1187 835 1238 888 aas

544 971 808 1040 Philolaches

123 1077 248 1161 Edepol
272 1080 300 1144 si
324 1101 450 1145 summo
474 1080 545 1145 Ioui
566 1080 671 1147 boues
693 1087 828 1164 argento
850 1100 885 1146 co
908 1079 1153 1163 sacrificassem,
1193 1150 1198 1158 ,

120 1186 182 1250 Pro
195 1187 284 1252 illius
296 1190 406 1272 capite
419 1188 506 1272 quod
519 1187 603 1268 dedi,
620 1209 799 1272 numquam
814 1208 921 1272 aeque
931 1189 964 1254 id
975 1187 1059 1254 bene
1071 1190 1238 1272 locassem,
1305 1208 1309 1216 ’

119 1295 163 1360 Ut
179 1297 279 1361 uideo
299 1317 372 1362 eam
389 1297 579 1362 medullitus
598 1317 648 1361 me
667 1317 786 1361 amare.
821 1296 881 1378 Oh,
898 1297 1021 1380 probus
1038 1297 1134 1364 homo
1151 1307 1237 1380 suni,

120 1402 212 1480 Quae
236 1425 295 1488 pro
318 1426 369 1470 me
392 1403 681 1490 causamidicsrct,
704 1410 878 1488 patronum
899 1405 1048 1472 liberaui.

602 1565 678 1632 Sca
712 1563 761 1630 ha

120 1673 225 1743 Uideo
248 1679 281 1738 te
303 1673 395 1738 nihili
419 1673 560 1757 pendere
582 1694 661 1757 prae
679 1587 868 1738 Philolache
890 1674 993 1740 omnis
1015 1651 1169 1761 homines.
1188 1695 1240 1746 240

118 1783 225 1860 Nunc,
249 1804 289 1848 ne
312 1783 382 1848 eius
406 1801 506 1848 causa
528 1783 690 1866 copulem,
712 1782 773 1848 tihi
797 1781 905 1866 potius
926 1781 1134 1848 adsentabor.

536 1951 826 2018 Phssemaffium

119 2061 208 2126 (ledo
233 2061 312 2126 mihi
335 2061 503 2146 speculum
528 2068 560 2127 et
582 2081 654 2127 oum
678 2061 877 2127 ornamentis
905 2060 1050 2126 arculam
1079 2067 1238 2144 actutum,

884 2169 1024 2254 Scapha,

119 2277 246 2343 Ornata
268 2282 305 2343 ut
321 2279 409 2358 siem,
434 2299 533 2362 quom
555 2278 619 2344 huc
636 2278 747 2344 ueniat
762 2278 968 2345 Philolaches
985 2279 1140 2362 uoluptas
1156 2301 1238 2345 mea.

556 2451 562 2462 '
600 2449 674 2515 Sca
710 2447 760 2514 ha

120 2557 237 2622 Mulier
249 2577 332 2640 quae
346 2575 548 2640 saeuamque
560 2470 704 2624 aetatenl
721 2557 856 2644 spernit,
877 2559 1009 2642 speculo
1028 2560 1059 2624 ei
1076 2581 1154 2625 usus
1173 2567 1238 2640 est;
1305 2574 1308 2582 ’

7 2685 8 2748 3
120 2667 205 2744 Quid
230 2671 328 2750 opust
350 2667 484 2750 speculo
506 2667 584 2747 tibi,
615 2687 698 2750 quae
720 2672 792 2734 tute
816 2667 948 2752 speculo
972 2668 1138 2752 speculum
1162 2691 1196 2734 es

885 2779 1092 2842 maxumum?
1188 2796 1238 2847 245

543 2909 814 2996 Philolaches

120 3038 168 3102 Ob
188 3041 272 3102 istuc
291 3037 437 3118 uerbum,
455 3057 496 3101 ne
513 3039 720 3122 nequiquam,
738 3038 876 3122 Scapha,
894 3045 962 3103 tam
981 3039 1087 3122 lepide
1106 3039 1236 3120 dixeris,

7 3225 8 3236 ἵ
120 3147 213 3212 Dabo
238 3145 364 3229 aliquid
387 3145 485 3211 hodie
507 3147 614 3230 peculi
637 3147 708 3227 tibi,
732 3146 959 3212 Philematium
983 3169 1063 3212 mea.

540 3318 820 3384 Philematium

7 3463 8 3494 ;
119 3427 184 3492 Suc
208 3429 329 3510 quique
352 3428 425 3493 loco
447 3428 523 3493 uide
546 3427 684 3528 capillus
708 3428 794 3494 satin
816 3427 1023 3510 conpositust
1045 3428 1223 3492 commode.

603 3597 677 3664 Sca
711 3598 762 3663 ha

120 3705 182 3771 Ubi
205 3713 243 3771 tu
266 3707 436 3772 commoda
458 3729 502 3788 es,
526 3621 906 3791 capillumpcommodum
929 3727 1001 3772 esse
1025 3705 1170 3808 credita

204 3963 256 4017 236
276 3964 329 4017 ioni
349 3965 385 4016 bo
405 3968 490 4031 agent
508 3963 641 4030 o....B,
661 3963 719 4015 ioui
738 3962 793 4016 ioui
814 3967 930 4031 argento
951 3961 973 4017 0
1033 3965 1084 4017 232
1102 3964 1237 4019 collocas·

120 4065 175 4100 sum
239 4051 290 4102 238
307 4049 402 4102 uideas
458 4051 506 4102 241
528 4065 640 4102 causam
658 4047 685 4100 B
740 4047 874 4102 Posteri
895 4048 1024 4102 scribitur
1042 4049 1069 4102 Is
1090 4053 1237 4117 acceptum

120 4139 163 4186 sal
179 4135 265 4188 habes
284 4135 335 4188 tibi
354 4135 413 4190 lore
431 4135 507 4188 illum
527 4134 644 4186 amicum
664 4135 865 4202 sempiternum
926 4136 976 4187 243
996 4136 1046 4190 aim
1106 4136 1156 4188 244
1173 4151 1234 4203 spe·

121 4219 183 4272 culo
202 4221 279 4273 elusa
296 4229 338 4276 est
403 4224 454 4275 247
471 4221 577 4290 perculi
595 4220 628 4284 B,
647 4218 800 4272 FerculiC
865 4222 915 4273 248
932 4219 1016 4273 uiden
1035 4220 1151 4288 capillus
1169 4220 1236 4272 satis

113 4306 169 4358 ,249
187 4306 348 4360 commodes

1016 4413 1033 4466 6
