3030 5050
271 359 311 418 20
784 353 873 406 risun
1192 355 1227 420 11,
1246 356 1271 422 s,
1289 358 1399 410 ee-ss

270 541 374 625 Super
396 543 517 607 ancilla
540 541 669 612 Casino.
695 549 730 608 ut
753 544 848 608 detur
871 548 1007 625 nuptum
1031 550 1144 609 nostro
1168 544 1275 620 nilico,
1505 597 1506 638 ᾖ

270 650 372 715 Seruo
390 651 485 734 frugi,
509 658 607 735 etque
626 651 681 716 ubi
700 651 747 716 illi
765 650 848 717 bene
866 653 918 728 sit,
940 645 1039 732 ligno.
1062 673 1150 736 aqua
1167 653 1285 734 calida,
1304 654 1395 730 cibo,

252 757 489 844 ,Uestimentis
512 759 634 843 ubique
658 760 777 824 educat
799 779 928 842 pueros,
953 781 1035 842 quos
1059 762 1177 844 periet,
1202 759 1284 838 bore,
1342 780 1397 832 uso

267 864 372 942 Quam
395 867 442 931 illi
460 888 555 933 seruo
574 889 714 952 nequam
733 869 801 946 des,
820 869 980 948 armigero
1004 867 1096 931 nihili
1116 881 1215 951 atque
1239 869 1396 953 inprobo,

267 974 351 1051 Quoi
373 976 496 1041 homini
519 974 616 1040 hodie
640 975 748 1060 peculi
770 996 921 1040 nummus
944 997 1007 1039 non
1032 983 1084 1040 est
1106 976 1286 1059 plumbeus.
1382 1020 1387 1028 -

707 1103 948 1177 Cleostrata

265 1223 383 1288 Mirum
407 1231 546 1301 ecastor,
570 1232 604 1286 te
627 1229 762 1286 senecta
784 1229 894 1286 estete
917 1219 1060 1286 officium
1083 1229 1175 1286 tuum

264 1331 338 1398 Non
361 1332 556 1396 meminisse.

703 1449 945 1532 Lysidamus

514 1557 599 1635 Quid
623 1559 714 1623 iam?

1505 3703 1506 3768 l

1505 3771 1506 3858 l

1505 3865 1506 3960 l

1505 4139 1506 4214 l

1505 4269 1506 4350 l

704 1711 945 1777 Cleostrata

652 1821 743 1898 Quia,
768 1821 795 1885 si
818 1820 921 1884 facies
944 1827 1032 1885 recte
1057 1828 1114 1886 aut
1136 1823 1314 1900 commode,
1336 1843 1391 1894 240

264 1933 315 1998 Me
340 1933 428 1997 siuas
452 1953 568 1997 curare
592 1931 738 2007 ancillae,
762 1949 846 2011 quae
872 1950 943 1994 mea
966 1938 1017 1992 est
1039 1930 1177 1993 curatio.

701 2083 937 2167 Lysidamus

261 2196 335 2275 Qui,
356 2196 489 2274 malum,
512 2195 634 2259 homini
659 2192 855 2275 scutigerulo
878 2193 957 2258 dare
979 2191 1093 2258 lubet?

702 2327 942 2395 Cleostrata

1129 2415 1214 2493 Quia
1235 2415 1303 2481 filio

260 2503 328 2569 Nos
351 2511 484 2588 oportet
505 2503 659 2586 opitulari
682 2504 788 2567 unico.

700 2662 939 2746 Lysidamus

828 2772 870 2835 At
892 2790 1090 2855 quamquam
1116 2770 1257 2848 unicust,

259 2882 368 2948 Nihilo
391 2883 494 2964 magis
518 2882 574 2950 ille
597 2882 725 2945 unicust
749 2879 827 2943 mihi
850 2879 935 2943 filius
958 2900 1056 2962 quam
1081 2899 1140 2960 ego
1164 2879 1212 2943 illi
1234 2887 1338 2963 pater.

258 2990 353 3056 lllum
371 2991 448 3055 mihi
467 2990 630 3072 aequiust,
647 3009 744 3072 quam
766 3009 816 3051 me
834 2988 891 3065 illi,
910 3009 994 3070 quse
1012 2988 1096 3066 uolo,
1116 2987 1302 3053 concedere.
1327 3007 1380 3059 245

696 3141 937 3206 Cleostrata

255 3254 303 3319 Tu
327 3259 455 3318 ecastor
473 3251 542 3330 tibi,
565 3251 670 3330 homo,
694 3251 811 3315 malam
829 3272 897 3314 rem
921 3251 1067 3334 quaeris;
1093 3249 1235 3330 subolet3
1260 3251 1376 3315 sentio.

689 3410 933 3495 Lysidamus

256 3521 391 3606 Egone?

695 3624 933 3692 Cleostrata

337 3738 395 3803 Tu.
440 3736 523 3801 Nam
546 3736 623 3819 quid
649 3735 818 3817 friguttis?
840 3737 918 3820 quid
938 3737 1020 3800 istuc
1037 3744 1106 3800 tarn
1123 3737 1240 3819 cupide
1257 3737 1373 3819 cupis?

336 3993 386 4045 236
404 3992 475 4046 bene
493 4007 545 4044 om·
669 3991 834 4045 attrocius
853 4009 936 4060 qnam
1058 3993 1196 4060 armigero
1215 3993 1268 4044 nisi
1288 3998 1372 4060 etque

250 4077 301 4130 238
319 4075 476 4145 plubeusI
564 4077 615 4130 240
632 4083 708 4130 certe
799 4086 828 4131 et
845 4076 892 4131 IE
980 4079 1028 4131 241
1049 4077 1152 4130 Curare
1171 4095 1215 4131 me
1234 4081 1309 4132 sinos
1327 4075 1375 4130 IE

249 4165 300 4214 242
318 4163 395 4215 intret
414 4161 443 4215 Ε
541 4160 610 4228 Quia
628 4163 699 4216 enim
718 4161 776 4216 filio
868 4165 919 4216 243
937 4163 1036 4216 unicus
1055 4168 1098 4216 est
1203 4167 1253 4216 244
1272 4164 1370 4216 unicus

249 4255 291 4302 est
308 4248 354 4302 illa
445 4250 495 4301 245
513 4249 609 4316 equine
629 4256 672 4303 est
689 4247 726 4316 B,
747 4267 833 4318 equus
852 4248 935 4302 estC
1020 4251 1071 4302 247
1089 4249 1170 4316 Egon
1189 4249 1247 4303 ΒΕ
