3030 5050
126 430 186 498 111,
209 434 233 498 5,
250 433 357 486 22-30
648 431 756 486 Casina.
1221 437 1257 495 51

223 621 349 684 Malum
372 641 621 704 pessumumque
644 619 697 684 hic
721 621 816 685 modo
838 623 925 686 intus
948 619 1034 702 apud
1058 642 1116 684 nos

224 729 295 791 Tua
318 730 438 792 ancilla
461 729 521 793 hoc
544 739 641 811 pacto
665 729 807 794 exordiri
830 730 948 812 coepit.
1210 745 1261 796 625

225 835 320 912 Quod
343 837 431 902 haud
455 839 598 902 Atticam
622 837 781 903 coudecet
803 837 1019 921 disciplinam.

586 991 822 1075 Lysidamus

227 1099 313 1177 Quid
337 1100 464 1184 estid?

583 1235 823 1302 Pardalisca

492 1343 602 1410 Timor
625 1344 800 1428 praepedit
822 1343 914 1409 dicta
936 1345 1076 1428 linguae.

585 1498 822 1582 Lysidamus

228 1607 365 1674 Possum
389 1611 472 1672 scire
496 1629 555 1690 ego
578 1611 663 1672 istuc
686 1629 725 1672 ex
748 1615 781 1673 te
804 1609 883 1692 quid
906 1612 1014 1693 negoti
1038 1609 1111 1674 est?

581 1762 823 1827 Pardalisca

230 1869 356 1934 Dicam.
402 1869 473 1934 Tua
495 1870 626 1938 ancilla,
650 1879 829 1954 quamtus
853 1871 951 1936 nilico
974 1874 1026 1936 uis

231 1979 319 2042 Dare
343 1999 486 2046 uxorem.
510 1999 549 2043 ea
572 1979 659 2043 intus

586 2132 820 2215 lysidamus

735 2241 819 2318 Quid
842 2245 952 2308 intus?
975 2245 1054 2328 quid
1077 2245 1148 2310 est?
1214 2262 1266 2316 680

588 2395 826 2461 Pardalisca

226 2504 385 2569 Imitatur
408 2503 567 2568 malarum
590 2503 708 2569 malam
732 2505 948 2588 disciplinam,

228 2612 310 2677 Uim
335 2633 418 2695 quae
442 2633 501 2677 suo
524 2613 763 2679 interminatur.

586 2767 824 2850 Lysidamus

805 2877 889 2954 Quid
913 2878 1012 2960 ergo?

587 3017 828 3084 Pardalisca

1039 3129 1103 3193 Ah!

588 3236 824 3319 liysidamus

234 3344 321 3421 Quid
345 3344 418 3408 cst?

590 3487 829 3554 Pardalisca

450 3596 650 3662 Interemere
674 3597 704 3661 ei
726 3599 773 3660 ait
795 3597 880 3661 uelle
903 3595 1015 3661 uitam.

233 3703 388 3768 Gladium

592 3847 825 3932 Lysidamus

457 3953 548 4034 Hem,
572 3956 738 4037 gladium?
761 3957 840 4039 quid
865 3979 938 4022 eum
961 3957 1128 4038 gladium?

160 4077 370 4092 ff..m··-=.-.

128 4087 153 4095 ‚-

232 4160 287 4212 628
305 4156 375 4225 Quid
395 4159 456 4213 est?
477 4173 591 4228 possum
609 4159 684 4214 BIE
793 4164 841 4215 631
862 4161 996 4216 malorum
1017 4160 1046 4215 Ε
1152 4165 1203 4217 632
1222 4182 1271 4217 suo

128 4263 217 4322 quae
237 4241 316 4299 BIE
394 4245 592 4299 interminatur
610 4247 695 4301 uitam
777 4248 829 4301 633
847 4249 870 4300 ei
890 4263 939 4300 oua
1023 4248 1074 4300 634
1093 4247 1170 4301 SEN.
1190 4249 1268 4302 Hem.

129 4339 197 4394 ΡΑ,
221 4329 349 4401 gladium
369 4329 445 4384 SEN.

1065 4425 1119 4496 ‘u
