2970 5006
558 396 591 452 V.
612 401 754 452 sao—341).
1152 407 1214 466 269

100 597 147 652 est
169 593 304 664 addatur,
328 597 426 649 utrum
455 591 534 650 bona
562 613 598 650 sn
627 593 704 650 mala
726 595 773 651 sit.
824 593 1036 653 Schneidewin.
1059 585 1166 654 Philol.
1190 594 1216 654 V

99 717 130 773 p.
145 698 220 754 377:
248 714 388 772 „aequam
411 694 557 754 inmunem
575 693 672 768 fore“;
696 715 759 771 ego,
783 716 819 752 ne
842 715 907 754 cum
931 703 1042 756 mutato
1058 697 1214 757 verborum

101 797 205 857 ordine
222 800 362 874 iungatur
379 797 560 869 emendatio,
577 785 646 874 ¹pro
667 793 816 869 „mecum“
836 793 932 858 aliam
950 801 1063 878 scripsi.
1090 831 1129 840 -
1155 803 1214 860 333

99 905 135 958 ut
158 901 327 958 octonarius
355 899 444 958 iamb.
467 898 565 972 fieret,
590 899 707 957 Gaetu:
734 899 814 972 ,Une
838 901 905 972 tibi,
930 904 1018 974 iners,
1042 899 1213 962 muricide.“

99 1003 181 1061 Fest.
204 1003 260 1078 Ep.
284 1022 313 1079 p.
340 985 413 1060 125:
446 998 692 1090 ,Murrioidum
716 1003 868 1076 ignauum,
893 1003 1026 1076 stultum.
1077 1005 1215 1063 Planina:

18 1081 22 1090 Ι
99 1105 260 1164 murricida
283 1101 399 1163 homo“.
455 1105 530 1163 Item
552 1106 701 1178 glossarii,
730 1126 757 1162 v.
781 1105 886 1178 Lhwe,
915 1105 1067 1166 Prodrom.
1091 1127 1120 1184 p.
1146 1109 1216 1166 282.

98 1207 285 1282 Augustinus
301 1206 364 1266 civ.
378 1205 433 1264 Dei
444 1207 493 1280 lv,
516 1209 568 1265 16:
596 1207 698 1278 ,deam
716 1207 869 1280 Murciam,
891 1227 955 1285 quas
972 1215 1081 1285 prater
1097 1209 1217 1268 modum

98 1331 161 1370 non
183 1315 314 1368 moveret
337 1331 369 1368 ac
392 1311 502 1368 faceret
524 1310 687 1382 hominem,
711 1313 744 1365 ut
767 1309 810 1366 ait
827 1310 1017 1387 Pomponius,
1042 1312 1216 1384 murcidum,

99 1416 120 1472 i.
145 1434 170 1472 e.
194 1415 281 1473 nimia
310 1412 490 1478 desidiosum
520 1403 550 1470 et
578 1407 794 1470 inactuosum“.
829 1443 869 1452 -
905 1415 974 1471 334.
1009 1407 1101 1473 blatis
1129 1415 1151 1473 I.
1179 1445 1216 1455 -

101 1518 163 1573 335
194 1535 259 1575 curn
280 1497 371 1574 ¹Weis.
396 1521 426 1573 et
448 1513 555 1592 Spehg.
579 1515 677 1572 Pluut.
700 1536 730 1592 p.
747 1519 814 1576 1167
843 1520 1050 1574 tetrametrum
1079 1519 1217 1576 creticum

98 1620 166 1677 feci.
212 1619 330 1678 Goetz.·:
370 1617 473 1690 „Quod
496 1639 642 1693 nusquam
664 1622 839 1696 gentiumst:
872 1638 966 1695 neque
995 1639 1050 1696 ego
1078 1620 1109 1677 id
1133 1641 1217 1679 aures

99 1723 221 1780 inmitto
245 1719 356 1780 meas“.
380 1751 420 1760 -
445 1722 514 1779 336.
540 1717 596 1780 clus
619 1742 683 1780 cum
706 1709 816 1798 Pylade
832 1721 942 1780 'Goetu

190 1823 259 1882 337.
294 1823 476 1900 Septenariis
504 1823 636 1883 iambicis
665 1843 751 1883 scena
767 1825 834 1882 doli
855 1823 1041 1902 triumphum
1064 1827 1219 1902 continens

99 1928 215 2003 scripta
237 1931 289 1984 est.
347 1927 489 2002 Epidicus
519 1926 605 1986 domo
637 1927 789 2001 egreditur
816 1947 880 1984 cum
908 1929 1047 2002 pecnnia,
1082 1949 1168 2005 quam
1193 1931 1219 1986 ei

99 2029 230 2101 tradidit
253 2049 352 2088 senex.
397 2029 535 2088 Huncin
558 2029 691 2088 exeundo
714 2032 802 2086 etiam
825 2049 900 2088 nunc
931 2029 1105 2110 alloquitur;
1140 2031 1219 2106 quod

100 2137 202 2220 autem
225 2153 260 2194 se¹
278 2134 320 2190 ait
343 2151 427 2190 suurn
451 2131 580 2190 officium
604 2133 751 2190 facturum
770 2153 842 2206 csse,
865 2133 950 2206 longe
968 2133 1049 2190 aliud
1068 2140 1113 2191 est
1131 2139 1218 2209 atque

100 2255 193 2293 senex
216 2235 365 2308 intelligit.
422 2235 530 2293 Versus
558 2237 638 2293 iusto
664 2235 781 2312 longior
803 2240 860 2307 est3
898 2220 1049 2307 „tu“·del.
1073 2235 1166 2314 Gepp.
1190 2242 1220 2295 et

13 2365 15 2372 ’
100 2337 222 2411 Gaetu,
256 2333 352 2412 „iam“
377 2337 494 2396 Miiller.
523 2367 565 2377 -—
590 2340 659 2396 333.
694 2338 764 2409 Qua
787 2357 883 2396 secum
907 2338 1052 2413 loquitur,
1087 2343 1219 2414 apertam

99 2443 161 2499 iam
187 2441 274 2498 senis
306 2443 473 2498 irrisionem
510 2439 627 2498 habent.
676 2430 777 2516 periit
807 2440 876 2500 elim
909 2439 1106 2498 emendatum.
1163 2440 1221 2516 Sed

99 2544 220 2601 numeri
243 2543 361 2619 pessimi
384 2548 462 2614 sunt,
487 2547 520 2602 ut
541 2543 628 2600 facile
650 2544 767 2601 credam
790 2543 866 2601 hunc
890 2561 1006 2618 quoque
1029 2563 1145 2601 versum
1163 2563 1220 2600 non

99 2647 202 2718 minus
226 2665 312 2722 quam
336 2646 410 2704 duos
432 2647 582 2722 proximos
606 2648 738 2722 spurium
755 2665 826 2704 esse.
872 2645 933 2704 Hos
950 2645 1026 2702 enim
1046 2637 1220 2721 (sau-40)

99 2748 232 2806 Weisius
255 2749 319 2805 iure
343 2747 510 2820 damnavit3
533 2749 577 2806 ita
600 2755 630 2806 et
651 2751 765 2807 numeri
789 2753 818 2806 et
834 2748 925 2806 verba
944 2752 974 2806 et
992 2749 1058 2824 ipsa
1075 2749 1221 2806 sententia
1252 2751 1256 2758 '

99 2849 299 2926 improbanda
322 2855 398 2914 sunt.
438 2849 577 2910 Editorce
601 2847 758 2912 emendare
782 2853 879 2912 conati
899 2856 974 2909 sunt.
987 2879 1029 2889 —-
1047 2843 1099 2908 Ne
1116 2851 1222 2926 scripsi

98 2954 328 3030 perspicuitatis
352 2973 453 3026 causa,
484 2953 570 3012 codd.
597 2949 681 3026 ,Ni“,
706 2973 733 3011 r.
757 2952 795 3011 ad
816 2953 906 3012 Most.
931 2953 1002 3011 406.
1058 2948 1136 3030 quid
1162 2957 1220 3012 iam

99 3059 133 3114 in
154 3053 178 3112 B
197 3055 391 3114 emendatum.
437 3057 522 3129 Tum,
546 3076 583 3114 ue
606 3061 728 3132 quartus
747 3077 800 3133 pes
818 3060 984 3133 anapaestus
1008 3055 1055 3127 sit,
1080 3053 1173 3132 Gepp.
1193 3061 1223 3113 et

100 3160 210 3218 Goetz.
233 3164 444 3236 transponunt:
483 3159 545 3232 „Ne
569 3160 640 3236 quid
659 3160 728 3217 hinc
745 3160 776 3216 in
794 3179 875 3234 spem
892 3159 1004 3216 referas
1022 3155 1108 3215 tibi“.
1144 3157 1219 3218 Edd.

100 3261 176 3320 inde
200 3281 217 3318 a
238 3261 364 3337 Pylade:
397 3262 470 3334 ,hoc
493 3259 633 3338 oppido“.
689 3248 862 3339 „pollitum“
894 3261 968 3319 nihil
998 3264 1057 3332 cst,
1085 3255 1222 3334 politum

100 3365 235 3441 scriptor
256 3365 383 3422 voluisse
406 3363 538 3436 videtur,
563 3366 645 3441 quasi
668 3364 847 3437 confectum3
870 3357 1049 3438 polluctum·
1067 3362 1220 3441 Geppert,

100 3469 121 3526 i.
149 3487 175 3524 e.
198 3465 401 3539 sacrificatum,
425 3486 452 3525 v.
477 3466 514 3524 ad
537 3467 620 3526 Cura.
647 3469 722 3539 1933
745 3467 864 3525 Gesta:
891 3462 1115 3550 „polliuctum“,
1139 3468 1222 3544 quasi

23 3593 27 3603 ·
101 3572 143 3630 ad
178 3570 358 3658 sepulturam
394 3575 541 3631 ornatum.
573 3600 609 3610 -
647 3572 718 3628 340.
752 3568 827 3628 Edd.
851 3569 919 3626 iude
943 3589 960 3626 a
983 3567 1076 3626 Cam:
1103 3568 1222 3642 ,Crede

101 3672 193 3742 modo
216 3677 250 3731 tu
273 3668 373 3730 mihi“.
396 3703 435 3711 —
460 3674 530 3732 341.
553 3674 589 3732 ul
611 3671 736 3730 Guictus
753 3671 820 3729 add.
840 3701 879 3710 -
905 3671 974 3748 342.
997 3666 1221 3746 inpetrabilm

103 3777 160 3853 qui
182 3775 261 3852 quod
282 3775 346 3832 vult
367 3777 516 3853 impetrat,
541 3767 581 3850 (r.
594 3775 682 3834 Most.
699 3772 803 3846 1142),
827 3774 953 3831 felicem.
966 3803 1008 3812 -—
1026 3788 1120 3846 sessu,
1144 3797 1171 3833 v.
1185 3775 1222 3832 ad

102 3879 174 3938 Aul.
191 3880 259 3936 389.
275 3905 314 3922 ⁴-
328 3879 397 3936 343.
421 3891 488 3936 meo
511 3879 650 3936 omissum
674 3897 737 3936 esse
760 3876 909 3935 intellexit
931 3875 1065 3951 Pylades,
1090 3878 1126 3935 cf.
1152 3879 1221 3938 381.

103 3981 214 4060 Amph.
248 3983 321 4053 193,
355 3999 453 4038 errore
481 3979 607 4039 leviculo
636 4001 694 4040 non
722 3985 792 4038 ante
823 3980 990 4056 „auspicio“
1021 3983 1136 4057 posuit,
1171 3980 1223 4038 sed
1334 3999 1338 4008 '

104 4091 187 4164 post.
211 4113 254 4124 —
278 4085 346 4141 346.
363 4078 442 4157 plats
465 4080 553 4159 salit,
583 4083 640 4140 vid.
666 4083 702 4142 ad
725 4083 829 4141 Bacch.
856 4085 932 4155 6693
967 4081 1034 4140 add.
1059 4081 1124 4140 Ter.
1145 4081 1221 4140 Eun.

106 4191 163 4246 85:
194 4189 267 4260 ,iam
291 4187 417 4244 calesces
439 4186 507 4264 plus
530 4184 632 4258 sntis“,
662 4185 896 4262 quamliguram
919 4184 1040 4256 Quintil.
1064 4183 1115 4256 IX,
1136 4185 1162 4255 3,
1186 4187 1222 4242 13

106 4291 325 4351 detractionem
349 4288 432 4348 dicit.
482 4285 614 4365 superfit
636 4289 715 4348 Cam.
739 4307 793 4347 em.
825 4318 865 4327 —
895 4289 964 4346 349.
995 4302 1049 4364 890
1076 4287 1223 4346 habentl
