2970 5006
288 373 364 454 272·
564 411 567 419 .
771 363 903 433 Epidicus

285 563 503 639 quinquaginta
525 581 556 618 se
579 559 693 618 dedisse
715 565 810 638 putat,
834 580 861 619 vv
884 561 953 618 347.
974 559 1045 617 466.
1092 559 1152 616 Ant
1174 557 1271 632 igitur
1293 554 1402 612 nnllam

285 671 394 723 certam
418 683 559 722 summam
584 664 735 721 nominare
758 661 847 718 debet
875 667 927 720 aut
948 661 1174 738 quinquaginta.
1221 657 1286 716 Hoc
1308 660 1401 735 ipsum

285 765 426 843 Epidicus
454 767 552 824 lenoni
582 787 612 822 se
641 783 849 842 persuasurum
877 769 977 842 sperat
998 769 1032 822 ut
1055 763 1159 834 saciat;
1188 759 1243 822 nei
1273 766 1352 821 euim
1375 764 1401 818 ei

283 869 447 947 periculum
464 849 664 940 iude⁸orietuq
685 867 764 944 quod
784 885 814 924 se
837 865 916 924 dicet
934 887 996 924 rem
1015 867 1111 944 pluris
1128 865 1298 926 vendidisse
1316 885 1401 942 quam

284 970 426 1042 vendidit,
446 991 498 1029 nec
511 993 537 1030 v.
553 973 611 1029 369
631 969 721 1044 caput
739 983 830 1028 suum
841 963 1050 1044 alliyadithoc
1061 967 1217 1042 significat,
1239 969 1300 1041 sed,
1315 975 1349 1026 nt
1361 971 1402 1026 ait

284 1071 492 1132 Reinhardtius
521 1075 551 1130 in
575 1072 705 1131 Studem.
730 1071 815 1130 stud.
839 1070 852 1127 I
880 1074 1003 1147 pior,
1033 1074 1097 1129 iure
1114 1071 1254 1130 iurando
1283 1091 1315 1130 se
1338 1071 1400 1128 alli·

237 1221 241 1228 .
285 1175 375 1249 gabli,
400 1175 565 1234 affirmabit.
611 1175 694 1246 Quod
718 1181 814 1233 autem
838 1174 915 1234 idem
934 1177 981 1233 vir
1000 1175 1108 1255 doctus
1121 1177 1151 1232 in
1169 1175 1275 1232 Annal.
1294 1175 1400 1251 philol.

285 1277 349 1336 CXI
371 1299 400 1355 p.
426 1279 485 1336 196
515 1278 584 1336 inde
614 1278 718 1349 efficit,
749 1279 840 1338 fnisse
863 1279 933 1339 olim
956 1297 1088 1348 scenam,
1113 1297 1173 1353 qua
1195 1276 1401 1336 hocailirma·

284 1383 361 1440 verit
383 1381 464 1455 leue,
489 1375 651 1457 elisisque,
676 1401 734 1456 qua
756 1381 941 1440 mendacium
965 1382 1028 1438 eius
1050 1379 1233 1438 vindicatum
1256 1381 1310 1452 sit,
1342 1401 1400 1438 non

283 1483 379 1541 credo.
425 1483 493 1541 Hac
516 1483 687 1556 afferuntur,
710 1489 744 1541 ut
767 1485 928 1542 versutiam
951 1485 1029 1541 servi
1046 1483 1234 1556 admiremur,
1258 1485 1309 1560 qni
1327 1482 1400 1540 nihil

283 1605 340 1642 uon
368 1587 556 1663 prospexerit
585 1593 614 1644 et
643 1589 769 1660 caverit3
803 1593 836 1646 ut
864 1607 896 1644 re
924 1588 1007 1662 ipsa,
1022 1585 1063 1642 sic
1097 1584 1207 1644 factum
1235 1587 1398 1657 videamus,

157 1735 159 1742 .
282 1707 342 1745 non
365 1693 411 1746 est
432 1703 571 1748 neeesse:
605 1688 662 1748 Sed
678 1695 771 1748 totam
790 1688 907 1766 Epidici
924 1689 1122 1746 narrationem
1141 1707 1231 1764 quum
1249 1689 1399 1746 hilaritate

283 1795 313 1848 et
336 1791 488 1849 celeritate
512 1794 656 1866 insignem
680 1811 743 1850 esee
765 1792 890 1863 videam,
914 1797 987 1863 tum,
1011 1792 1037 1848 si
1060 1789 1134 1848 ordo
1152 1793 1398 1870 et.perepicnitas

282 1899 441 1969 spectatur,
466 1894 638 1967 magistrum
661 1893 830 1954 habiturum
854 1915 916 1953 esse
938 1892 1026 1953 credo
1044 1893 1123 1969 qnod
1141 1896 1301 1970 vituperet
1339 1895 1398 1954 Hoc

282 1997 395 2068 vitium,
420 1997 622 2072 qualecunque
645 2003 697 2068 est,
719 1996 859 2056 Goetuiue
878 2018 896 2054 a
913 1996 1017 2054 Plauto
1035 1997 1237 2056 abiudicatum
1254 2003 1397 2056 retracta·

283 2101 342 2156 tori
365 2097 489 2172 tribuit,¹
505 2117 592 2173 quem
615 2098 690 2156 hanc
713 2119 828 2157 scenam
851 2100 882 2156 in
905 2099 1023 2158 brevius
1041 2100 1225 2160 contraxisse
1242 2105 1339 2176 putat.
1360 2131 1394 2138 -

284 2203 353 2258 367.
387 2195 504 2276 Quqrpe
531 2197 597 2277 qui,
631 2201 690 2258 vid.
713 2203 751 2260 ad
773 2202 879 2278 Amph.
904 2203 974 2260 738.
997 2231 1041 2240 -
1068 2196 1267 2262 dinumerari
1294 2201 1395 2260 Goetz.

282 2309 316 2358 ut
340 2303 414 2372 353;
438 2303 496 2360 vid.
520 2301 627 2388 tamen'
643 2305 713 2362 467.
737 2333 779 2344 -
802 2305 872 2364 369.
896 2299 1037 2382 allipabe'l
1058 2303 1143 2378 Pius;
1173 2301 1266 2380 quasi
1288 2307 1345 2366 iam
1368 2309 1395 2361 in

283 2404 524 2463 Bemendatum.
575 2403 632 2486 Sed
655 2411 685 2463 et
707 2406 730 2464 B
754 2405 819 2463 etl
842 2407 993 2484 perhanc
1023 2426 1137 2466 scenam
1165 2426 1270 2466 versus
1293 2427 1394 2484 parum
1464 2455 1465 2483 p

282 2511 451 2564 constanter
468 2513 588 2565 servent
610 2514 640 2566 et
661 2509 834 2585 plerumque
856 2511 1034 2586 septenariis
1056 2511 1205 2584 longiores
1222 2509 1344 2568 iaciunt.
1357 2539 1395 2548 -
1463 2569 1464 2572 ,

283 2609 352 2666 371.
383 2602 540 2669 Ueranius
559 2631 647 2686 quum
673 2630 705 2668 re
727 2629 796 2670 vere
819 2611 892 2670 nihil
910 2613 991 2671 aliud
1010 2614 1067 2672 nisi
1085 2612 1223 2672 callidum
1241 2611 1393 2686 significet,
1462 2657 1463 2667 ,

282 2717 379 2768 tamen
401 2714 523 2788 propria
546 2713 576 2770 ri
597 2733 663 2802 eum
686 2713 816 2772 indicare
838 2715 968 2788 videtur,
998 2717 1050 2793 qni
1072 2735 1150 2792 saeps
1172 2721 1203 2774 et
1224 2713 1311 2772 facile
1334 2733 1393 2772 ser·
1461 2740 1462 2757 r

280 2814 592 2884 transactarum
617 2813 780 2888 Deor.III‚
808 2819 855 2888 10,
880 2819 928 2875 25.
979 2817 1092 2876 Merito
1120 2819 1214 2894 igitur
1237 2817 1394 2874 arcessitur
1460 2839 1461 2849 ¹

281 2915 364 2990 figuli
395 2921 468 2974 rota.
524 2916 647 2976 Versum
676 2917 762 2976 affert
785 2918 903 2980 Servius
926 2919 963 2978 ad
985 2919 1054 2979 AEn
1076 2919 1120 2994 II,
1146 2921 1201 2992 62,
1235 2919 1288 2977 ubi
1322 2919 1393 2976 male
1459 2907 1460 2940 ³

286 3017 467 3090 „uersatior“
498 3020 647 3079 scribitur.
685 3020 918 3100 Comparativus
940 3023 1075 3082 ultimam
1097 3023 1229 3100 produit,
1256 3022 1334 3080 chr.
1348 3025 1391 3092 ΙΙΙ,

282 3119 399 3194 Proleg.
427 3140 456 3197 p.
484 3126 557 3196 1965
591 3123 642 3182 sed
675 3144 777 3183 versus
811 3125 926 3183 dioeresi
958 3131 1047 3186 caret.
1082 3155 1119 3166 —
1158 3127 1228 3184 375.
1255 3139 1391 3200 pram
1456 3165 1457 3168 =

283 3219 414 3280 (litatum
436 3225 504 3283 olim
529 3227 725 3286 ernendatum.
743 3255 779 3266 -
807 3228 960 3301 onustam,
984 3229 1138 3306 repletam,
1162 3229 1198 3286 cf.
1212 3219 1305 3286 Stich'.
1320 3229 1389 3286 276:
1455 3233 1456 3248 ³

284 3331 441 3396 „onustum
468 3333 572 3402 pectus
600 3335 688 3406 porto
717 3331 832 3388 laetitia
861 3329 1085 3407 labentiaque“.
1138 3330 1223 3408 Capt.
1254 3333 1325 3391 768.
1353 3359 1388 3369 -·

284 3429 352 3486 378.
376 3421 430 3487 ille
452 3431 500 3488 est
521 3431 632 3490 Gamer.
678 3424 735 3491 Me
756 3428 879 3509 quidem
901 3432 946 3491 ed.
965 3452 1026 3510 pr.;
1065 3431 1095 3492 I:
1121 3452 1186 3508 „me
1209 3431 1387 3510 aequidem“.

281 3529 393 3589 Bmau.
407 3551 463 3590 sec.
485 3533 551 3604 „Me
570 3531 734 3610 equidcm“,
758 3537 847 3593 etsie
866 3535 968 3594 Goeta.
987 3565 1029 3576 —
1047 3537 1116 3595 380.
1140 3531 1254 3612 Atque,
1277 3543 1308 3596 et
1328 3539 1388 3612 qui·

281 3632 356 3705 dem,
380 3634 415 3692 cf.
440 3633 510 3692 cist.
536 3639 604 3696 330.
639 3638 743 3696 Bacch.
770 3639 839 3696 536.
873 3636 980 3715 Amph.
1006 3641 1067 3698 278
1091 3659 1155 3698 cum
1179 3661 1245 3699 ann.

368 3739 437 3795 382.
472 3737 599 3796 Senariie
628 3741 740 3818 scripta
767 3747 812 3798 est
834 3761 933 3814 scens,
967 3761 1027 3818 qna
1055 3745 1180 3820 primum
1211 3741 1386 3818 Periphanes

281 3839 378 3896 secum
402 3840 544 3916 loquitur,
569 3842 673 3900 deinde
692 3843 855 3921 Apoecides
872 3863 936 3901 cum
954 3843 1072 3904 fidicina
1091 3845 1219 3904 advenit.
1255 3845 1385 3904 Fidicina

280 3961 385 4000 nomen
407 3946 437 4000 in
460 3945 581 4002 titulum
602 3947 736 4021 recipere
758 3947 848 4019 nolui,
879 3947 1081 4023 quianullum
1104 3947 1227 4006 verbnm
1251 3949 1329 4006 lacit.
1350 3975 1384 3985 -

280 4042 461 4120 Periphanes
483 4044 616 4104 homines
634 4051 675 4104 ait
694 4069 750 4106 non
774 4049 864 4108 solam
885 4050 991 4108 faciem
1014 4071 1095 4109 suam
1117 4053 1149 4109 in
1171 4051 1291 4127 speculo
1310 4069 1382 4126 epec-

188 4183 192 4196 .
281 4153 345 4204 tare
368 4146 489 4219 debere,
524 4147 703 4223 sedetiam,
737 4153 761 4209 si
785 4151 849 4210 fieri
875 4153 985 4228 possit,
1021 4155 1163 4226 animum,
1197 4160 1232 4211 ut
1259 4159 1382 4212 accurate

281 4255 427 4324 reputent,
460 4251 561 4327 quales
583 4253 644 4311 sint
666 4255 825 4330 qualesque
847 4255 972 4330 fuerint,
1001 4275 1054 4314 uec
1076 4256 1160 4314 senili
1183 4230 1272 4316 ae'tate
1295 4255 1380 4314 adnle·
