2982 5014
268 389 328 449 382
740 379 914 436 Menaechmi

267 595 329 636 eem
352 595 475 636 exorere
498 579 632 648 sonetur,
656 579 690 634 ut
706 573 764 634 sibi
780 573 867 650 pelle
885 573 1012 648 gretiam
1034 571 1132 630 ieoist.
1177 573 1234 631 Ille
1251 593 1332 646 vero,
1354 579 1387 631 ut

140 669 146 678 ’
267 699 334 758 ques
348 679 460 758 pellem
475 698 570 756 nuper
586 699 618 737 se
636 679 664 738 si
685 675 845 737 tradidisse
868 681 997 748 oeusest,
1019 677 1152 753 graviter
1173 678 1254 734 irate
1275 678 1337 738 suis
1359 683 1388 736 et

266 783 331 859 ipss
353 779 466 840 udibue
488 799 553 840 oum
576 780 728 860 prohibet,
758 783 793 840 ut
815 782 874 840 iem
895 777 1037 855 utrinque
1060 779 1196 838 exclusus
1219 779 1259 838 ed
1280 783 1388 840 amieos

266 883 347 944 ebire
379 887 511 960 cogetur.
568 883 633 956 Quo
666 884 745 943 teoto
773 881 974 942 Meneehmus
1002 879 1032 940 II
1058 881 1168 958 pellem
1198 884 1290 942 etium
1312 895 1389 942 nune
1481 918 1482 945 r

265 986 401 1046 menibus
423 986 523 1046 ferens
544 991 688 1048 metrone
718 987 857 1047 occurrit
913 983 982 1044 fleo
1015 985 1113 1044 virum
1145 1004 1231 1046 suum
1266 989 1390 1048 eredens

267 1090 455 1150 vehementer
477 1092 508 1148 in
530 1109 597 1148 eum
619 1089 783 1163 inuehitur,
817 1088 930 1166 illoque
951 1105 983 1148 se
1006 1107 1070 1148 sem
1092 1107 1255 1166 numquem
1277 1091 1390 1150 vidisse

267 1191 433 1252 offirmeute
455 1197 575 1270 petrem
597 1211 682 1252 suum
705 1193 845 1267 eroessit,
879 1191 931 1268 qui
952 1189 1166 1251 Menaechmum
1189 1185 1262 1270 (11),
1296 1214 1391 1272 quum

266 1316 303 1355 ns
320 1317 352 1356 se
369 1295 487 1374 quidem
505 1300 656 1372 egnoeoet,
679 1315 736 1372 pro
753 1295 858 1355 insono
875 1292 988 1352 hebens
1004 1293 1118 1352 mediee
1134 1293 1255 1354 tradere
1271 1301 1391 1357 statuit

267 1399 332 1472 Qus
359 1398 395 1458 ds
423 1417 512 1459 oense
539 1397 609 1458 dum
636 1417 738 1458 servos
767 1397 906 1470 sucessit,
940 1395 1139 1457 Menaeohmus
1170 1391 1228 1474 (Π)
1257 1399 1332 1475 iuge
1359 1422 1391 1458 se

266 1503 366 1581 eripit.
422 1501 481 1562 Sed
512 1501 656 1562 redeunte
689 1519 755 1560 oum
783 1503 878 1560 servis
904 1519 974 1558 sene
1001 1499 1094 1558 freter
1124 1495 1339 1573 (llouseohmus
1361 1501 1389 1576 Ι)
1481 1486 1482 1489 ¹

266 1606 397 1666 advenit.
440 1605 470 1664 Is
492 1605 551 1664 iem
572 1622 629 1684 pro
651 1605 755 1663 insono
777 1602 919 1679 obreptus
942 1607 1030 1676 esset,
1057 1603 1116 1662 nisi
1137 1601 1287 1664 Messenio
1309 1606 1392 1665 forte

268 1709 446 1768 occurrisset
473 1707 573 1785 eique,
607 1726 696 1785 quem
723 1725 809 1766 suum
836 1704 941 1764 herum
969 1725 1032 1765 esse
1061 1705 1268 1782 existimsbst,
1300 1729 1391 1786 opem

266 1811 395 1874 tulisset.
461 1809 521 1872 Pro
549 1829 608 1888 quo
636 1808 781 1871 beneficio
811 1797 906 1888 quum'
928 1806 1098 1868 libertatem
1125 1806 1181 1866 sibi
1209 1813 1340 1888 expetit,
1374 1835 1393 1872 s

266 1913 341 1974 ielso
365 1912 483 1972 domino
505 1932 565 1972 non
588 1911 749 1972 difficulter
769 1914 926 1991 impetret,
957 1909 1009 1970 sed
1036 1931 1105 1970 mox
1134 1929 1223 1972 verus
1245 1913 1338 1975 herus
1360 1937 1392 1976 se

268 2035 334 2076 eum
356 2035 446 2076 menu
466 2017 582 2074 misisse
604 2015 759 2093 prsfreote
780 2019 881 2094 neget.
925 2013 1059 2074 Tandem
1081 2019 1210 2090 uterque
1237 2017 1334 2078 freter
1360 2023 1392 2080 in

267 2119 394 2180 eundem
416 2120 514 2179 locum
537 2120 687 2192 convenit,
721 2123 846 2196 tuteque
868 2136 901 2178 re
923 2116 1072 2197 potefeots
1092 2137 1195 2177 omnes
1217 2121 1314 2182 turbe
1338 2144 1391 2183 ex-

266 2221 424 2299 plicantur.
479 2219 678 2280 Meuoeehmns
707 2219 722 2280 1
749 2241 815 2281 eum
847 2220 941 2281 fretm
968 2219 1144 2296 Syracusas,
1161 2225 1330 2284 revortitur
1362 2233 1394 2286 et

268 2323 415 2384 Messenio
436 2323 575 2383 libertate
597 2322 737 2385 donetur.

353 2425 585 2505 lepidissimum
607 2432 638 2486 st
658 2426 871 2505 perridiculsm
893 2425 1024 2488 febulour
1047 2444 1158 2503 exque
1177 2425 1283 2490 Graeoo
1301 2439 1397 2509 poete

157 2561 193 2582 a
268 2529 393 2590 Plautus
421 2531 614 2609 expresserit,
642 2533 806 2607 ignoretur.
862 2529 919 2601 Qui
941 2549 979 2587 ex
999 2529 1117 2606 prologi
1138 2547 1166 2588 v.
1193 2531 1231 2588 12
1260 2531 1298 2592 de
1319 2533 1394 2614 Epi·

269 2633 390 2692 ohsrmo
419 2639 540 2692 suetore
573 2633 755 2708 cogitarunt,
790 2633 854 2692 sino
881 2631 972 2692 dubio
1002 2635 1154 2706 erremnt3
1188 2633 1267 2692 inter
1289 2655 1393 2696 reeen-

266 2719 359 2796 tidres
380 2737 488 2795 Atticm
511 2736 658 2796 eomoediu
683 2737 845 2814 scriptores
869 2739 974 2795 euotor
989 2735 1167 2808 quarendus
1183 2740 1239 2794 eet.
1272 2737 1391 2798 Horum

268 2845 368 2900 eutem
390 2859 449 2900 uon
470 2839 561 2918 penei
581 2839 685 2900 turbes
707 2859 743 2897 ex
765 2837 957 2898 similitudine
978 2837 1170 2915 gemellorum
1198 2843 1282 2898 ortes
1309 2845 1391 2901 treo-

268 2949 348 3001 tesse
366 2942 515 3002 videntur.
548 2943 663 3002 Praeter
679 2941 843 3002 Bacchides
860 2943 922 3002 sive
941 2941 989 3006 Δὶς
1006 2941 1147 3007 ἐξαπατῶν
1164 2941 1256 3002 etiem
1272 2945 1394 3020 Aidoper

268 3044 426 3105 Menandri
443 3044 612 3119 laudentur,
635 3044 767 3121 Αὐλητρὶς
784 3047 801 3116 ἢ
817 3045 934 3120 Δι’ὃυμαι
950 3044 1146 3122 Antiphsnis,
1169 3047 1287 3122 At'depos
1303 3049 1392 3108 Anti-

268 3147 384 3226 phenis‚
407 3147 551 3222 Alexidis,
574 3127 804 3224 Anumdridil,
827 3147 987 3223 Xenarchi,
1003 3147 1236 3225 Aristophoutis,
1253 3149 1392 3228 Euphro

269 3251 331 3324 nis,
359 3270 454 3328 neque
482 3249 645 3328 quidquem
667 3251 776 3324 obstet,
805 3271 864 3328 quo
887 3253 985 3310 minus
1008 3253 1096 3310 etiem
1118 3251 1247 3312 eliorum
1269 3254 1391 3314 fuerint

268 3353 458 3429 Ledewigiue
469 3355 500 3411 in
511 3353 657 3429 Philolog.
670 3355 685 3413 I
699 3374 727 3431 p.
742 3356 803 3414 288
821 3359 854 3413 et
869 3353 989 3414 Brixius
1007 3359 1039 3412 et
1049 3353 1216 3432 Wagnerus
1233 3355 1391 3435 Posidippi

268 3456 398 3516 isbulsm
409 3455 500 3516 fuisse
511 3457 707 3535 suspieentur,
726 3458 876 3534 quonism,
894 3476 984 3534 quum
1000 3459 1032 3516 in
1043 3458 1150 3516 esteris
1167 3458 1257 3535 ooqui
1269 3460 1306 3518 de
1324 3460 1389 3519 foro

270 3559 484 3634 conducuntur,
507 3559 555 3618 hio
577 3559 735 3636 Cylindrus
753 3579 863 3638 oequus
881 3559 981 3619 Erotii
1002 3559 1082 3637 epud
1098 3560 1193 3636 ipsam
1216 3563 1387 3620 servitutem

269 3665 396 3736 seruiet,
428 3662 588 3722 Athenaeus
616 3667 716 3722 sutem
737 3663 818 3742 opud
844 3681 936 3722 unum
958 3663 1151 3741 Posidippum
1173 3661 1232 3722 hee
1262 3665 1389 3724 inveniri

270 3766 410 3839 affirmet,
443 3785 471 3826 v.
494 3770 595 3825 ennot.
620 3765 657 3824 sd
678 3766 779 3825 Aulul.
804 3767 864 3826 272
887 3786 918 3844 p.
943 3767 1014 3826 300.
1070 3764 1124 3824 cni
1152 3767 1328 3828 testimonio
1354 3772 1390 3826 ut

269 3889 329 3929 non
350 3888 406 3947 pro
428 3873 509 3927 oerto
531 3872 651 3928 tentum
673 3869 767 3928 tribui
788 3873 905 3946 potest,
924 3867 979 3928 ito
1007 3867 1082 3928 nihil
1103 3867 1226 3928 obstare
1248 3889 1304 3930 neo
1324 3871 1389 3929 veri

270 3973 395 4032 similius
417 3971 579 4048 quidquem
603 3971 727 4030 ellstum
749 3991 814 4032 esse
842 3971 1060 4032 eoncedendum
1087 3974 1142 4030 est.
1195 3970 1389 4052 Posidippum

270 4074 390 4152 quidem
423 4074 503 4152 opud
535 4074 684 4135 Romsnos
717 4060 748 4134 in
782 4093 887 4151 megno
902 4075 1033 4134 ‘honore
1064 4074 1156 4134 fuisse
1188 4079 1220 4133 et
1246 4073 1391 4134 Votienus

168 4234 177 4250 J
270 4182 367 4236 stetue
389 4173 514 4250 (Olenon,
537 4177 639 4236 Musio
661 4177 698 4236 de
718 4177 876 4256 Soulpturs
894 4177 928 4252 V,
952 4178 992 4255 pl.
1008 4179 1066 4237 841
1091 4197 1120 4236 n.
1139 4170 1238 4254 2120)
1260 4183 1390 4238 metatur

271 4285 301 4338 et
320 4279 434 4340 Gellius
455 4281 493 4355 11,
517 4281 566 4352 23,
593 4283 624 4339 l:
652 4279 842 4354 ,Comoedias
859 4281 1029 4340 lectitemus
1045 4286 1217 4340 nostrorum
1234 4289 1388 4358 poetarum
