2976 5018
86 409 123 476 II,
141 415 166 477 3,
184 405 311 478 80-111,
329 410 346 464 8
401 355 409 380 t
582 406 745 462 Oiatallaria.

541 599 765 682 Lampadio

405 709 461 772 Dis
485 707 593 772 hercle
616 707 723 773 habeo
746 708 903 786 gratiam3

85 820 170 884 Nam
195 820 232 883 ni
256 816 436 896 intellexea,
458 837 648 901 numquam,
673 816 781 894 credo,
804 817 982 880 amitteres.

555 1005 756 1071 Melaenis

88 1118 186 1182 Nunc
213 1115 292 1180 mihi
316 1115 421 1180 bonae
443 1121 616 1180 necessust
638 1135 709 1179 esse
732 1113 894 1195 ingratiis,
1168 1129 1219 1181 teo

89 1225 304 1308 Quamquam
328 1245 399 1288 esse
422 1223 513 1302 nolo,
536 1246 603 1288 rem
628 1223 735 1306 palam
760 1244 831 1286 esse
855 1221 1020 1304 intellego.

89 1333 188 1398 Nunc
214 1338 344 1415 egomet
367 1335 477 1414 potius
502 1332 587 1396 hano
608 1332 700 1397 inibo
722 1333 862 1412 gratiam

90 1444 139 1506 Ab
163 1442 245 1520 illis,
269 1462 367 1524 quam
391 1440 485 1504 illaec
508 1461 558 1504 me
581 1441 714 1505 indicet.
761 1439 819 1504 lbo
844 1440 976 1503 domum

90 1553 201 1636 Atque
223 1549 270 1614 ad
293 1558 446 1632 parentes
469 1549 648 1614 redducam
673 1549 848 1613 Selenium.

412 2289 641 2356 MELAENIS.
686 2289 915 2356 SELENIUM.

559 2497 755 2562 Melaenis

99 2609 179 2671 Rem
204 2606 334 2669 elocuta
357 2627 428 2669 sum
452 2605 512 2669 tibi
536 2627 683 2684 omnem,
706 2625 852 2688 sequere,
879 2625 949 2668 mea
972 2604 1146 2683 Selenium,
1172 2624 1223 2675 465

99 2715 139 2779 Ut
165 2736 289 2792 eorum,
313 2715 444 2798 quoiam
468 2735 539 2778 esse
563 2722 695 2797 oportet
717 2722 759 2792 te,
783 2716 827 2777 sis
851 2714 962 2796 potius
986 2735 1082 2796 quam
1107 2736 1188 2778 mea.

98 2822 307 2906 Quamquam
329 2825 436 2886 inuita
459 2829 491 2888 te
514 2823 642 2900 carebo,
673 2825 817 2886 animum
842 2845 900 2902 ego
924 2822 1078 2886 inducam
1101 2830 1220 2896 tamen,

102 2932 144 2996 Ut
166 2931 259 3006 illud,
284 2932 373 3014 quod
391 2940 482 3000 tuam
500 2935 533 2996 in
550 2953 615 2996 rem
636 2932 718 2997 bene
739 2931 911 3006 conducat,
934 2931 1026 3013 aequi
1043 2932 1221 2996 consulam.

99 3040 183 3104 Nam
213 3041 268 3104 hic
297 3039 477 3122 crepundia
498 3041 620 3119 insunt,
650 3041 845 3125 quibuscum
869 3047 901 3104 te
923 3040 982 3103 illa
1005 3039 1081 3102 olim
1105 3040 1148 3102 ad
1173 3061 1222 3104 me

817 3147 946 3225 detulit,

102 3255 193 3332 Quae
216 3256 295 3321 mihi
318 3255 418 3334 dedit,
441 3265 597 3338 parentes
620 3265 653 3322 te
676 3264 713 3321 ut
735 3264 934 3338 cognoscant
955 3255 1094 3320 facilins.
1172 3273 1224 3324 470

101 3366 219 3448 Accipe
243 3363 329 3429 hanc
351 3366 521 3444 cistellam,
546 3366 688 3430 Halisca.
735 3370 802 3447 Age
821 3365 898 3430 dum
917 3365 1011 3446 pulta
1028 3365 1103 3429 illas
1125 3365 1222 3428 lorea.

102 3473 171 3552 Dic,
194 3494 245 3538 me
269 3493 374 3550 orare,
398 3482 435 3538 ut
456 3474 577 3558 aliquis
601 3477 690 3540 intua
713 3474 853 3558 prodeat
875 3494 1014 3557 propere
1037 3475 1136 3538 ocius.

105 3657 326 3671 --—-.—...

185 3782 237 3834 459
253 3780 438 3835 intellexisses
457 3780 487 3835 Β
585 3783 713 3836 amittere
730 3783 752 3836 I
848 3783 899 3836 460
917 3793 1051 3836 neocerau
1068 3792 1084 3838 e
1101 3784 1118 3838 1

107 3881 163 3920 erae
181 3882 232 3920 om.
250 3865 278 3920 Β
347 3867 466 3934 ingratis
532 3869 582 3921 466
600 3867 663 3921 illac
683 3867 718 3936 Β,
738 3867 834 3922 illicI
899 3869 951 3921 464
968 3869 1073 3922 reduco
1090 3867 1127 3936 B,
1145 3870 1225 3924 redu·

106 3967 164 4004 cam
181 3950 229 4006 [Β
323 3952 415 4008 Titulo
433 3951 533 4007 LENA
553 3953 661 4007 adduct
677 3953 760 4021 ΒΙΕ,
780 3953 974 4008 masuram
991 3949 1050 4008 ΒΒ
1137 3957 1224 4021 Sele.

108 4038 192 4102 nium
211 4055 304 4108 om.I
365 4054 520 4111 Gorn.B1
586 4057 638 4109 465
656 4061 720 4110 aunt
737 4057 776 4108 ibi
793 4057 824 4110 Β
894 4076 938 4110 me
956 4073 1017 4111 mea
1053 4057 1178 4112 salanum
1196 4059 1227 4112 Β

108 4141 154 4192 466
171 4139 378 4208 quorumiamI
450 4143 502 4195 467
520 4141 679 4195 inuitareE
755 4141 958 4198 indicamBm.
966 4159 1010 4212 pr.
1087 4145 1138 4197 468
1156 4143 1225 4196 illud

110 4238 187 4289 quem
206 4231 285 4278 tuam
297 4223 353 4279 ΒΕ
420 4228 502 4295 aequi
521 4243 570 4281 coa
640 4229 692 4280 469
709 4228 827 4294 repudia
845 4227 875 4282 Β
948 4229 1049 4297 quibua
1067 4247 1152 4297 quom
1169 4227 1229 4283 ΒΒ

110 4311 199 4364 tetulit
216 4309 244 4364 Β
312 4313 363 4365 470
380 4319 413 4366 44
430 4320 458 4366 te
477 4311 505 4365 Β
573 4315 621 4365 471
641 4314 691 4366 hae
709 4314 793 4366 liscaa
811 4313 868 4368 ΒΕ
913 4379 917 4384 ¹
