2976 5018
268 335 328 396 148
778 329 886 384 Casina.

265 524 380 596 differo,
404 524 441 581 ci.
455 525 527 582 653.
574 524 690 582 Nonius
712 546 741 602 p.
765 527 822 582 159
842 525 927 582 affert
950 524 1072 582 Lucilii:
1098 525 1148 598 „Si
1171 545 1229 584 non
1253 525 1386 602 emplius,

265 631 296 684 et
327 626 454 685 lustrum
488 625 544 685 hoc
576 627 752 703 protollerct
783 625 906 698 unum“,
947 627 983 685 oi.
1015 628 1126 686 extollo
1154 628 1217 686 Mil.
1242 629 1314 686 859.
1351 657 1387 666 ·-

264 726 406 802 mortem,
437 727 473 786 de
501 748 561 806 quo
583 727 791 787 consciscenda
818 728 875 785 sibi
897 733 1082 805 cogitaverat
1103 749 1131 789 v.
1156 732 1228 788 403.
1252 759 1296 769 -—
1318 731 1388 788 433.

264 831 384 907 Syllaba
405 833 505 890 versui
528 830 620 889 deest.
673 830 753 889 Cam.
780 832 940 909 „uoluptas
963 829 1057 907 quae“
1084 831 1149 904 ed,
1177 831 1269 890 Weis.
1297 852 1389 908 ,quae

263 953 312 992 res
335 930 416 1007 sst“;
446 933 499 990 sed
523 935 554 990 in
576 933 621 990 bis
648 931 732 1000 „est“
752 935 852 990 omitti
874 934 959 1007 solet,
983 953 1011 991 v.
1025 935 1063 992 ad
1074 935 1156 993 Asin.
1169 937 1242 992 474.
1277 933 1389 1012 Gepp:

266 1055 360 1112 ,quae
382 1035 456 1094 baec
478 1055 525 1094 res
543 1031 626 1093 est?“
673 1035 737 1112 Ego
754 1031 817 1094 isto
836 1035 948 1094 addidi.
960 1065 1001 1076 ·-
1020 1037 1091 1094 434.
1116 1036 1257 1095 Abundat
1276 1036 1390 1113 aliquid

262 1143 404 1197 numeris.
459 1137 550 1196 Weis,
583 1135 718 1211 ,bercle“
755 1137 890 1210 sustulit,
925 1138 1027 1196 Muell.
1059 1145 1112 1196 aut
1147 1137 1302 1214 „Fodere“
1340 1143 1391 1195 ant

267 1239 443 1314 „Eotodere,
475 1239 579 1312 oredo,
610 1239 657 1297 bio
685 1237 768 1298 uolt“
799 1239 914 1298 suadet.
938 1269 979 1281 -
1008 1243 1070 1300 438
1099 1243 1157 1299 iam
1180 1243 1298 1317 antiqui
1322 1239 1387 1298 edd.

262 1348 344 1399 recte
373 1342 543 1418 Olympioni
572 1341 726 1400 dederunt.
796 1335 888 1402 Ultro
918 1340 960 1416 te,
993 1364 1020 1401 v.
1051 1344 1089 1402 ad
1112 1343 1220 1420 Amph.
1247 1345 1320 1401 316.
1350 1372 1390 1380 -

263 1445 334 1502 439.
359 1436 444 1502 Illuc
465 1444 513 1503 est
535 1439 628 1519 quod,
652 1444 689 1502 ct.
713 1443 788 1503 Rud.
811 1447 901 1504 1245.
945 1445 1025 1518 Ideo,
1049 1448 1157 1522 inquit,
1182 1444 1388 1522 Olympionem

263 1547 383 1606 vilicum
406 1546 486 1618 tecit,
510 1549 670 1623 quiscum
693 1543 843 1622 impudice
861 1546 987 1606 amabat.
1033 1547 1105 1606 Rem
1123 1550 1208 1619 novi3
1231 1568 1302 1606 nam
1321 1548 1389 1606 olim

264 1668 354 1725 quum
378 1649 570 1707 adversitoris
593 1668 723 1724 munere¹
738 1648 884 1723 fungebar
906 1656 937 1707 et
959 1650 1031 1710 bero
1054 1671 1070 1708 e
1093 1652 1228 1708 convivio
1251 1650 1390 1707 redeunti

262 1750 381 1809 obviam
404 1771 551 1825 venerem,
575 1769 620 1807 me
643 1769 762 1826 quoque
784 1751 931 1828 impudice
952 1753 1115 1830 arripiebat
1132 1759 1162 1811 et
1180 1773 1236 1831 pro
1255 1753 1389 1811 mercede

261 1853 458 1928 turpitudinis
481 1873 527 1911 me
550 1849 716 1911 atriensem
738 1873 770 1911 se
793 1854 940 1912 iacturum
963 1855 1165 1930 promittebat,
1190 1875 1216 1914 r.
1243 1857 1279 1913 ad
1306 1856 1386 1913 Asin.

263 1956 340 2027 262;
370 1955 421 2014 sed
445 1956 607 2032 explicatio
629 1957 745 2014 incerta
766 1963 820 2028 ost,
845 1977 912 2014 nom
935 1950 990 2015 snb
1013 1952 1111 2016 ianua
1133 1958 1206 2033 quid
1230 1961 1279 2030 sit,
1305 1979 1389 2016 nemo

262 2057 333 2116 dnm
373 2059 545 2132 extricavit;
584 2077 688 2116 sensus
727 2077 815 2116 causa
854 2059 1020 2135 requiritur
1057 2061 1099 2131 „si
1133 2061 1190 2118 sibi
1223 2062 1389 2133 morigerus

260 2155 402 2218 fnissem“
427 2165 480 2218 sut
501 2160 598 2219 simile
621 2161 702 2236 quid.
727 2189 768 2198 -
791 2161 863 2218 443.
894 2155 942 2233 Ut,
967 2162 985 2220 i.
1010 2181 1034 2219 e.
1059 2165 1103 2220 ita
1125 2167 1168 2234 nt,
1193 2162 1229 2219 ot.
1249 2161 1386 2238 Seyffert.

261 2261 346 2320 Stnd.
370 2261 499 2320 Plautin.
529 2283 558 2340 p.
587 2264 633 2320 18.
666 2291 710 2301 -
742 2264 803 2320 444
834 2279 878 2339 sq.
907 2262 1094 2322 Camerarius
1122 2269 1234 2322 temere
1262 2271 1332 2341 post
1362 2284 1387 2320 v.

262 2365 323 2421 436
353 2367 461 2440 posuit.
515 2359 549 2422 ti
576 2364 681 2423 Lamb.
705 2385 759 2423 ern.
793 2395 836 2404 —-
868 2366 939 2424 447.
975 2361 1055 2426 olam
1083 2366 1152 2424 olim
1178 2366 1321 2424 additum.
1348 2395 1384 2403 -

264 2497 300 2506 -
327 2468 398 2525 448.
422 2467 483 2524 lem
506 2485 569 2525 rem
591 2467 746 2543 intelligit,
776 2487 834 2526 non
858 2469 991 2542 silicum,
1021 2469 1073 2526 sed
1097 2467 1231 2527 Casinam
1256 2471 1349 2527 emori
1373 2491 1389 2526 s

261 2587 340 2628 sene.
361 2597 401 2608 -
419 2570 480 2625 449
502 2588 544 2644 sq.
569 2561 665 2628 babeo
688 2564 785 2628 uiros.
809 2561 910 2628 SEN.
934 2571 1003 2628 olim
1028 2570 1225 2630 emendatum.
1250 2601 1291 2610 -
1314 2575 1386 2631 451.

254 2685 410 2744 properos
433 2671 513 2728 item.
542 2699 583 2709 —
612 2671 684 2730 453.
715 2667 814 2729 emitti
836 2672 914 2730 Cam.
937 2703 978 2712 -
1009 2675 1079 2732 457.
1108 2687 1244 2732 amorem
1268 2689 1386 2732 ornnem

260 2771 397 2847 Pylades.
421 2801 463 2812 -
486 2774 557 2830 458.
583 2769 755 2846 concredat,
779 2775 815 2832 cf.
840 2775 877 2832 cd
894 2776 962 2833 Aul.
984 2777 1053 2834 577.
1078 2805 1119 2814 -
1143 2777 1214 2834 463.
1242 2773 1303 2850 „ei“
1328 2795 1387 2835 om.

261 2874 340 2933 Cam.
356 2903 392 2916 -
412 2877 485 2933 464.
504 2870 574 2948 bom
587 2874 766 2936 Gulielmus:
783 2874 879 2949 „bio“,
892 2878 1018 2935 fortusse
1031 2885 1120 2936 recte.
1133 2907 1175 2918 -
1187 2879 1260 2937 467.
1275 2877 1387 2937 astute.

261 2979 365 3036 Botb.:
393 2975 510 3052 „astu“,
540 2978 576 3037 ct.
600 2978 689 3038 Most.
718 2981 809 3038 1051.
829 2993 943 3054 —aye
963 2971 1173 3050 fabricamini,
1199 3001 1225 3038 v.
1251 2983 1288 3039 ad
1309 2981 1385 3039 Rud.
1478 2981 1479 3010 ³

263 3082 333 3139 797.
347 3111 389 3122 -
400 3083 471 3141 468.
489 3077 613 3154 ninitie,
628 3102 654 3140 v.
672 3083 710 3140 sd
725 3082 806 3139 Trin.
822 3083 892 3140 391.
905 3111 947 3122 -
960 3084 1031 3140 469.
1049 3079 1117 3141 scin
1128 3079 1209 3159 qnid
1225 3075 1338 3156 fanos,
1359 3105 1384 3142 v.
1478 3097 1479 3154 l

262 3181 299 3239 ad
317 3181 381 3241 Mil.
403 3183 493 3240 1029.
533 3183 677 3242 Similiter
694 3178 804 3244 Groeci:
829 3181 907 3241 οἶσθ’
926 3187 941 3240 ὃ
959 3185 1069 3261 δρᾶσον.
1090 3213 1131 3224 -
1156 3188 1229 3244 470.
1249 3201 1386 3261 propera

260 3285 465 3360 parenthetica
494 3287 710 3362 interponitur,
746 3288 803 3344 nisi
833 3288 910 3345 torte
939 3308 1005 3346 cum
1029 3287 1181 3364 Gepperto
1217 3287 1383 3366 ,propere“
1478 3285 1479 3288 ¹

260 3385 459 3445 scribendum.
478 3417 518 3427 -
537 3389 607 3446 471.
631 3385 669 3445 nt
683 3384 762 3462 ipsu
786 3388 923 3447 Mueller.
937 3389 1034 3448 voluit
1049 3385 1134 3466 „ipsa
1145 3387 1196 3448 ut“
1216 3391 1264 3449 vel
1280 3411 1385 3468 ,eapse
1478 3419 1479 3466 t

260 3484 326 3546 ut“.
338 3518 380 3528 —
392 3490 465 3548 472.
489 3489 584 3567 Sepias
597 3496 627 3548 et
637 3490 774 3566 loligines
787 3493 865 3550 inter
878 3491 998 3550 delicias
1010 3493 1092 3568 vulgi
1105 3498 1190 3566 sunt;
1213 3499 1296 3553 recte
1313 3515 1384 3552 vero
1478 3469 1479 3518 3

261 3591 446 3650 deminution
468 3591 565 3649 torma
583 3594 691 3665 utitur,
717 3613 784 3651 nam
804 3595 861 3650 nisi
879 3613 978 3671 parvm
995 3599 1072 3665 sunt,
1097 3595 1183 3653 nimis
1201 3595 1284 3654 dure
1306 3602 1383 3654 sunt.

261 3691 378 3751 Laudat
408 3693 532 3752 eundem
555 3711 672 3752 versum
694 3694 837 3754 Priscian.
860 3695 905 3753 ΠΙ
925 3715 955 3772 p.
982 3699 1052 3769 614,
1084 3699 1135 3772 qui
1162 3696 1314 3775 „lepidas“
1338 3718 1383 3756 re·

260 3795 350 3867 tinet,
375 3787 578 3872 lolipunculae
600 3802 681 3854 recte
705 3797 817 3855 scribit.
840 3853 842 3856 ,
866 3795 1025 3875 „lepados“
1052 3798 1167 3857 Camer.
1191 3819 1265 3874 em.;
1288 3801 1381 3878 Gepp.

261 3891 400 3970 topace,
431 3903 467 3956 us
488 3897 564 3955 nuo.
590 3900 660 3972 soe,
693 3898 744 3956 uu
767 3899 826 3958 vn.
858 3929 895 3938 -
927 3901 999 3959 473.
1034 3883 1196 3976 meede,
1227 3905 1316 3979 quere
1338 3905 1381 3980 pi·
1478 3935 1479 3938 κ

260 3999 352 4058 scium
387 4008 440 4058 aut
472 3999 651 4058 concharum
685 4017 778 4075 genus
805 4002 909 4074 fuerit,
945 4004 1123 4079 ignoremus.
1180 4005 1289 4064 Parum
1323 4008 1382 4066 veri

259 4101 397 4158 similiter
419 4101 578 4178 Brugman.
602 4102 639 4160 de
662 4103 831 4161 accentibus
853 4106 882 4161 in
906 4108 1023 4163 senario
1045 4126 1075 4183 p.
1102 4107 1139 4163 25
1163 4127 1263 4166 senem
1287 4111 1383 4186 lingue

261 4208 291 4262 et
325 4206 466 4262 memoria
499 4206 614 4281 lapsum
647 4205 787 4264 bordeias
815 4225 870 4282 pro
898 4205 1012 4266 hcraeos
1042 4201 1142 4284 (C-npt.
1169 4205 1245 4287 845)
1275 4211 1382 4270 dixisse
