2976 5018
594 383 625 438 V.
648 387 755 440 12-50.
1179 390 1238 448 1⁷9

112 580 186 636 228.
212 607 255 617 -
284 549 332 636 ae.
363 570 642 651 Si...faciamus.
684 580 898 639 Coniunctivus
919 599 1031 658 pravus
1054 585 1114 653 est;
1147 579 1238 638 Weis.

114 675 297 753 „lecimus“;
320 682 373 739 sed
391 683 491 760 potius
508 687 607 742 totum
626 683 709 740 eolon
728 703 783 759 pro
801 683 904 760 spuria
919 684 1125 758 proximorum
1144 685 1238 742 varia-

109 787 195 842 tione
219 785 396 843 habendum.
447 783 500 842 His
524 785 629 844 deletis
651 787 822 844 octonarius
845 785 1013 850 trochaicus
1036 784 1164 844 efficitur
1187 779 1241 858 (Si

110 880 216 970 idem.
231 932 238 946 .
253 933 259 945 .
273 881 420 962 summa).
465 890 535 959 Qus
558 895 733 964 sequuntur,
756 909 815 948 nou
837 890 921 947 aneis
943 887 1121 947 includenda
1144 896 1238 960 erant,

110 997 147 1048 at
170 993 201 1048 in
225 995 365 1048 contextu
389 990 578 1064 factumest,
602 991 655 1048 sed
678 1011 731 1049 sao
748 1011 837 1050 versu
853 991 1018 1076 scribendo.
1031 1023 1072 1032 -
1086 994 1135 1051 28.
1158 986 1241 1051 nihil

111 1093 182 1150 Ald.
206 1123 243 1132 —
265 1095 314 1152 29.
338 1089 480 1151 omnium
496 1109 610 1168 rerum,
629 1097 659 1152 in
677 1093 814 1152 omnibus
832 1094 931 1167 rebus,
949 1115 976 1152 v.
997 1095 1034 1152 ad
1046 1095 1153 1172 Amph.
1169 1096 1238 1154 105.

112 1195 235 1272 Duplex
251 1197 406 1270 genetivus
424 1217 489 1254 eum
509 1197 611 1255 eodem
628 1217 692 1256 roo.
704 1199 831 1270 iunctas,
850 1199 901 1255 sed
920 1198 1038 1256 diversa
1060 1200 1184 1271 ratione,
1207 1203 1241 1257 ut

112 1299 224 1358 Caesar.
244 1297 277 1356 B.
295 1297 329 1356 G.
343 1299 395 1372 111,
423 1302 475 1358 18:
502 1300 709 1378 „superiorum
733 1299 848 1358 dierum
872 1299 975 1357 Sahini
999 1303 1179 1372 cunetatio“‚
1204 1302 1239 1359 ef.

113 1402 218 1460 Madv.
239 1401 289 1460 Gr.
303 1401 371 1460 Lat.
384 1397 401 1476 ἕ
415 1404 485 1460 288.
506 1434 546 1442 -
565 1405 614 1462 34.
638 1398 744 1477 solere,
769 1423 808 1462 se.
828 1423 890 1461 rem
910 1403 1027 1474 habere,
1051 1406 1132 1482 quod
1154 1406 1241 1464 facile

114 1505 250 1563 auditur.
272 1535 314 1546 —-
338 1508 387 1566 35.
412 1506 486 1565 euml
513 1503 708 1580 demessum,
743 1507 779 1564 of.
805 1507 838 1580 4,
862 1513 893 1564 et
920 1505 957 1564 de
984 1508 1014 1564 vi
1043 1509 1128 1566 verbi
1150 1507 1239 1566 Most.

117 1612 215 1668 1151:
243 1629 378 1686 „pessum
400 1607 563 1686 premam“.

205 1713 329 1772 36—56
353 1714 515 1789 septenarii
532 1712 660 1772 iambici.
673 1743 715 1752 -
735 1714 785 1772 37.
808 1712 881 1772 Post
904 1710 932 1770 te
947 1714 1047 1774 hiatus
1065 1715 1095 1772 in
1112 1714 1240 1774 diaeresi.

116 1847 158 1856 -
188 1819 238 1874 38.
273 1811 479 1876 conumtioir's
507 1815 587 1873 Cam.
612 1837 683 1888 em.‚
718 1817 736 1874 i.
761 1835 785 1874 e.
810 1837 845 1874 ex
873 1818 987 1876 incerto
1015 1823 1102 1893 petre
1131 1825 1240 1876 natam.

115 1919 287 1977 Proximum
309 1915 402 1992 „ego“
424 1940 461 1977 ex
473 1920 627 1994 superiore
640 1939 726 1976 versu
739 1921 870 1996 irrepsit.
886 1951 923 1960 -
945 1921 994 1978 39.
1018 1915 1088 1996 qu
1105 1941 1241 1978 numero·

117 2043 182 2080 rum
197 2043 285 2080 eausa
297 2022 414 2080 addidit
425 2022 512 2082 Both.
526 2051 565 2062 --
577 2016 702 2095 reppuli
713 2019 912 2094 scribendum,
926 2041 952 2080 v.
961 2023 1043 2080 Neue
1056 2022 1242 2082 Formenlll

117 2147 146 2202 p.
168 2127 231 2184 470
249 2147 294 2203 eq.
313 2155 355 2164 -
378 2126 428 2185 40.
445 2121 557 2200 polius
580 2123 720 2196 abundat,
744 2125 779 2180 ef.
805 2125 843 2183 ad
861 2127 943 2184 Asin.
958 2128 1029 2187 683.
1064 2127 1145 2186 Trin.
1170 2129 1241 2186 276.

117 2257 158 2266 -
188 2231 239 2286 41.
270 2224 391 2286 cotidie.
425 2228 528 2286 Goetz.
552 2227 618 2286 Aet.
643 2227 709 2286 Soc,
734 2226 814 2302 Lips.
838 2227 878 2286 VI
899 2249 928 2306 p.
954 2229 1013 2287 241
1042 2235 1134 2306 „quot
1156 2227 1239 2289 dies“

116 2332 221 2388 voluit.
243 2361 279 2368 —
299 2325 398 2404 nabit,
422 2333 457 2390 of.
470 2330 577 2388 Pseud.
600 2331 670 2389 315.
691 2360 733 2370 —
750 2333 800 2388 43.
824 2325 950 2405 layubrt'
966 2331 1057 2390 Weis.
1079 2363 1114 2372 —
1140 2335 1180 2390 45
1197 2355 1241 2410 sq.

118 2432 199 2491 Lena
227 2433 296 2492 filiae
325 2434 418 2493 verba
447 2434 506 2492 alio
533 2439 678 2511 torquens
704 2430 821 2506 „Satis“
853 2435 952 2511 iuquit
981 2441 1140 2508 „contenta
1167 2457 1242 2510 sum,

117 2538 142 2592 si
166 2556 284 2612 semper
306 2539 348 2595 ita
369 2537 472 2595 lutura
500 2557 530 2594 es
557 2543 591 2594 ut
621 2537 704 2608 uolo;
739 2556 794 2612 ego
823 2539 901 2595 enim
929 2557 1045 2612 semper
1073 2539 1241 2598 adolescen-

118 2640 210 2696 tulam
235 2645 266 2697 et
288 2646 487 2716 quaestuosam
509 2645 540 2696 te
562 2636 666 2715 opto“.
710 2637 895 2698 aenaeum
914 2641 1118 2716 emendatum
1144 2644 1243 2702 hausit

118 2743 379 2801 homoeoteleuton
402 2744 597 2821 posteriorem
621 2747 702 2801 vocis
725 2749 849 2820 partem.
900 2743 959 2802 Sed
982 2745 1063 2820 quod
1090 2742 1240 2818 „Hecate“

119 2865 153 2903 ex
177 2846 264 2903 eodd.
289 2847 401 2904 editum
430 2851 490 2920 est,
517 2867 570 2904 neo
599 2845 682 2904 illam
711 2867 765 2904 neo
793 2847 884 2906 ullam
908 2847 996 2904 eliam
1019 2847 1103 2906 deam
1127 2851 1241 2925 antiqui

119 2951 174 3007 nisi
198 2948 325 3007 florente
348 2955 437 3007 estate
458 2949 516 3007 sihi
539 2947 703 3020 finxerunt3
730 2944 848 3008 Hecale
875 2956 955 3008 reete
984 2950 1152 3009 emendavit
1175 2953 1240 3011 Sal·

121 3053 236 3123 masius,
269 3052 350 3128 quod
381 3071 486 3110 nomen
515 3071 552 3110 ex
575 3051 745 3110 Callimachi
768 3059 906 3130 poemate
931 3053 1144 3113 nobilissimum
1169 3061 1234 3112 erat

121 3155 191 3213 Fuit
221 3162 319 3212 autem
349 3175 384 3212 ea
412 3174 486 3213 anae
514 3160 619 3212 exucta
650 3160 752 3226 aetate,
787 3175 853 3232 qaas
876 3155 1022 3214 Theseum
1052 3158 1089 3215 ad
1112 3175 1241 3234 pugnam

121 3269 184 3316 cu'm
218 3265 306 3316 tauro
336 3256 524 3317 Marathonio
557 3257 794 3334 proficiscentem
822 3259 952 3337 hospitio
981 3261 1096 3336 aooepit
1125 3265 1154 3318 et
1187 3280 1241 3337 pro

121 3362 197 3418 fellei
233 3362 295 3419 eius
323 3361 422 3419 reditu
451 3381 536 3418 saera
563 3361 647 3432 seeit;
689 3362 797 3436 quibus
825 3363 929 3434 lectis,
959 3370 1119 3440 autequam
1152 3364 1243 3422 rediit

122 3464 260 3538 Theseus,
283 3469 406 3522 mortem
431 3462 514 3520 ohiit.
560 3463 594 3521 Iu
617 3467 681 3521 eius
703 3463 844 3522 honorem
869 3468 979 3544 posteri
998 3465 1151 3524 Hecalesia
1167 3467 1241 3525 oele·

123 3566 257 3642 brabant,
281 3585 307 3623 v.
332 3567 483 3624 Plutarch.
507 3565 593 3624 Thes.
621 3568 669 3625 14.
720 3567 805 3626 Ovid.
830 3567 913 3627 Rem.
935 3569 1001 3628 Am.
1026 3571 1096 3629 747.
1120 3601 1160 3610 -
1192 3574 1241 3628 48.

123 3667 178 3726 Pro
204 3666 341 3746 „saepe“,
376 3669 457 3745 quod
487 3671 658 3746 superiores
685 3688 787 3727 versus
816 3691 904 3729 eausa
937 3675 1018 3731 varie
1051 3676 1243 3746 traiecerunt,

123 3786 242 3848 semper
259 3774 372 3846 scripsi.
387 3801 427 3811 —-
440 3775 490 3830 49.
510 3772 658 3848 Ladewig.
673 3773 786 3831 oonlort
799 3773 981 3832 Philemonis
992 3775 1189 3834 Pancratiast.
1212 3779 1241 3834 l:

124 3875 218 3931 καύτόν
239 3897 265 3930 τι
288 3876 421 3948 πράττειν,
450 3875 483 3932 οὗ
503 3877 587 3949 μόνον
609 3877 656 3940 τὰς
679 3877 789 3941 ἐλπίδας
811 3877 857 3934 ἐπὶ
880 3881 911 3952 τῇ
933 3879 1000 3952 τύχῃ
1027 3879 1095 3952 χρὴ,
1125 3879 1243 3944 moehler,

125 3980 228 4042 πάντως
251 3978 330 4049 ἔχειν.
350 4006 391 4016 —·
411 3981 459 4036 50.
483 3971 583 4038 hercle
605 3979 720 4036 mulieri
744 4000 848 4056 parum
872 3982 1038 4053 convenire,
1068 3983 1111 4039 ait
1128 3981 1243 4040 Gellius

125 4079 172 4152 Xl,
196 4083 230 4138 6:
257 4083 306 4152 „in
329 4083 478 4140 veteribus
500 4082 619 4158 seriptis
643 4100 736 4156 neque
759 4082 897 4141 mulieres
921 4083 1061 4142 Romanae
1090 4103 1146 4160 per·
1169 4083 1243 4141 Her·

126 4183 215 4242 culem
238 4182 378 4241 deiurant
401 4205 495 4262 neque
518 4186 575 4243 viri
597 4203 652 4260 per
676 4183 856 4243 Castorem“.
902 4185 1038 4260 Seyffert.
1056 4185 1140 4244 stud.
1160 4205 1188 4262 p.
1206 4189 1241 4244 15

131 4281 238 4355 „hane“
262 4285 373 4360 voluit;
407 4289 444 4345 cl.
467 4293 564 4346 tamen
595 4287 709 4344 Phoedr.
733 4286 785 4359 III,
813 4290 860 4361 17,
885 4290 913 4360 7,
944 4288 995 4346 ubi
1024 4288 1159 4345 Minerva
1185 4289 1243 4358 „lt

992 4401 1038 4456 12*
