3030 5050
116 371 151 432 Π,
169 371 194 436 6,
211 371 317 424 38—45
626 367 731 421 Casius.

592 554 768 637 Olympio

115 667 195 732 Mihi
217 674 255 731 ut
278 667 397 732 sortito
420 667 570 731 eueniet.
586 716 614 729 ..

581 785 773 884 Chuliuuu

571 928 615 993 Ut
637 927 768 1011 quidem
793 927 900 993 hercle
925 925 1064 1010 pedibus
1088 925 1238 1008 pendeas.

588 1103 769 1188 Olympio

113 1218 156 1282 At
177 1224 215 1280 tu
240 1223 277 1280 ut
300 1215 408 1280 oeulos
431 1233 607 1298 emungare
631 1235 670 1278 ex
693 1214 801 1296 eapite
825 1234 884 1295 per
906 1233 1022 1276 nasum
1046 1219 1130 1276 tuoe.
1190 1229 1242 1280 370

113 1323 199 1402 Quid
225 1323 345 1388 times?
368 1331 519 1407 paratum
542 1329 672 1405 oportet
696 1341 768 1386 esse
790 1322 856 1384 ium
880 1321 1033 1404 laqueum
1056 1320 1126 1384 tibi.
1240 1377 1245 1384 .

113 1433 260 1498 Periisti.

560 1561 795 1644 Lyeidumus

277 1673 427 1738 Animum
452 1671 619 1736 aduertite
643 1670 749 1736 ambo.

591 1823 773 1909 Olympio

748 1932 866 1998 Taceo.

562 2089 797 2173 Lysidemus
895 2111 901 2123 ⁴

859 2195 952 2262 Nune
975 2202 1021 2272 tu,
1044 2193 1243 2262 Cleostrata.

112 2307 161 2372 Ne
186 2329 209 2372 a
234 2328 286 2371 me
312 2327 467 2372 memores
485 2306 647 2372 malitiose
667 2306 706 2371 de
724 2305 786 2370 hae
807 2327 842 2370 re
866 2305 987 2369 fautum
1011 2311 1070 2366 uui
1088 2305 1244 2386 auspices,
1345 2390 1349 2398 .

113 2416 189 2480 Tibi
216 2415 389 2498 permitt03
412 2421 482 2479 tute
506 2415 596 2480 serii.

590 2568 771 2652 Olympio

637 2677 754 2743 Perdis
778 2699 837 2742 me.

583 2829 777 2897 Chuhuus

884 2939 1025 3003 Lucrum
1048 2937 1137 3001 feeit.

567 3093 800 3161 Cleostrata

117 3206 210 3272 Bene
234 3204 326 3268 fucis.

585 3345 779 3412 Chehnus

319 3454 405 3519 Deos
428 3476 561 3538 quaeso,
584 3461 622 3519 ut
644 3462 703 3520 tua
725 3476 795 3520 sors
818 3475 857 3518 ex
882 3455 993 3520 sitella
1015 3455 1175 3538 effugerit.
1195 3473 1246 3524 375

594 3608 640 3673 Ol
673 3631 703 3674 m
739 3612 776 3676 io

117 3718 181 3782 Ain
207 3719 267 3780 tu?
289 3718 366 3799 quio
388 3725 459 3783 tute
482 3740 516 3784 es
539 3631 835 3801 fugitiuyospomuis
858 3727 891 3783 te
914 3709 1037 3784 imitari
1062 3719 1178 3804 cupis?

208 4009 259 4062 369
276 4006 331 4061 ΟΒ.
349 4023 399 4062 om.
469 4009 582 4062 sortioio
601 4011 712 4063 eueniet
730 4017 761 4065 ut
826 4013 878 4064 370
895 4011 923 4066 C.
945 4015 981 4064 At
1000 4010 1027 4065 B
1090 4010 1200 4065 oeeulos
1220 4009 1247 4063 B

210 4109 352 4158 enuugare
370 4093 400 4146 E
483 4097 534 4148 3⁷2
557 4093 627 4148 SEN
641 4097 790 4163 proefimmt
806 4093 854 4151 ΙΕ
871 4101 964 4152 ueteris
979 4113 1160 4165 personarum
1177 4103 1250 4152 nouo

122 4177 234 4232 meis
313 4179 409 4240 Peristi
429 4179 487 4234 BE
563 4181 662 4234 amabo
740 4185 791 4236 873
809 4185 950 4250 suscipere
970 4182 1017 4236 IE
1101 4185 1151 4237 374
1171 4183 1247 4238 cuo.

125 4263 224 4316 Perdis
242 4264 434 4319 meeum
501 4267 552 4320 376
570 4271 644 4319 tutes
662 4267 680 4320 1
