2976 5018
284 345 324 406 96
800 339 890 394 Plauti

716 528 971 613 Gymnasium

285 637 471 720 Numquam
495 685 660 702 ......
684 636 781 702 fidem

285 745 349 810 Sed
372 766 430 828 ego
455 747 595 828 primum
618 745 663 810 dii
686 747 764 828 quie

285 851 363 918 Sum
386 853 478 918 nihili
502 853 583 918 nihil

286 959 378 1038 Quae
401 982 506 1026 meem
529 983 570 1026 eu
595 1014 601 1027 .
626 1013 633 1028 .
658 1013 664 1026 .
690 1013 697 1026 .
721 962 838 1046 dignus

286 1119 292 1132 .
317 1121 324 1134 .
349 1121 355 1134 .
382 1069 501 1134 acerba
522 1069 644 1135 laceret
669 1123 675 1134 .
702 1122 708 1134 .
734 1121 740 1134 .
764 1070 849 1154 frugi
871 1092 935 1135 uon
959 1071 1091 1154 quaeris

287 1177 469 1242 Praestet.
495 1229 500 1240 .
526 1225 532 1240 .
558 1200 643 1261 quoe
666 1199 725 1244 cun
750 1229 756 1244 .
783 1229 788 1240 .
813 1227 820 1242 .
846 1230 853 1244 .
877 1200 950 1243 oum

684 1297 1010 1364 Alcesimarchus
1463 1297 1464 1364 i

286 1406 400 1487 Neque
429 1405 508 1471 deos
534 1427 642 1490 neque
670 1407 817 1471 homiues
845 1427 986 1490 eequom
1009 1403 1200 1485 esttecum,
1228 1411 1265 1471 ut
1287 1407 1333 1471 sic
1354 1423 1400 1468 cr·
1463 1427 1464 1454 1

1000 1513 1096 1579 butus
1120 1515 1191 1592 sim,
1356 1527 1401 1580 225
1463 1537 1464 1618 p

288 1621 378 1700 Quae
402 1623 482 1687 mibi
506 1629 593 1687 esset
615 1623 843 1688 commendate
866 1630 900 1688 et
921 1643 1011 1688 meae
1034 1622 1110 1687 fidei
1133 1623 1329 1700 concredita,
1463 1667 1464 1750 p

290 1728 382 1806 Quae
406 1738 492 1795 esset
514 1737 657 1796 aetutem
681 1739 836 1796 exactura
858 1753 982 1796 mecum
1007 1733 1040 1795 in
1063 1731 1280 1796 matrimonio.
1463 1751 1464 1800 i

292 1835 463 1922 Oumpecti
485 1840 529 1904 sit
551 1861 668 1922 cepere
692 1847 824 1923 oportet
845 1861 949 1922 neque
972 1861 1027 1904 eus
1050 1859 1208 1922 umquem
1230 1857 1347 1922 ponere

292 1947 350 2012 Eri
373 1947 395 2011 li
420 1995 586 2012 ......
610 1949 717 2013 tribus
741 1947 876 2012 multum
900 1947 988 2012 credi
1012 1955 1163 2032 oportere
1187 1947 1329 2012 arbitror
1463 1951 1464 2010 i

290 2055 380 2134 Quae
405 2057 693 2121 clamet...
718 2057 910 2120 meritisuu
934 2061 1055 2120 ut...
1081 2055 1247 2121 solitusis
1357 2066 1404 2120 230
1463 2125 1464 2142 χ

290 2164 340 2230 Ob
362 2166 447 2230 istuc
469 2165 619 2230 inuadier
642 2186 714 2230 cum
738 2164 856 2246 diguus
879 2163 1008 2230 deciens
1032 2165 1088 2248 qui
1110 2163 1202 2229 surcu
1463 2143 1464 2170 ¹

288 2273 426 2354 Egomet
447 2273 562 2339 laetor.
608 2273 672 2338 Sed
695 2272 776 2356 quid
798 2278 915 2337 auctor
937 2293 1024 2336 nuno
1046 2270 1125 2336 mihi
1148 2279 1200 2338 est

292 2429 586 2446 ..........
609 2381 791 2466 suspendas
815 2431 820 2442 .
847 2431 852 2442 .

295 2536 685 2556 .............
709 2489 766 2554 fiet

727 2681 980 2766 Gymnasium
1463 2753 1464 2764 1

293 2839 428 2854 .....
451 2791 537 2856 intro
560 2791 654 2869 obeo,
676 2811 753 2855 num
776 2792 978 2856 meretricem
1003 2791 1136 2856 adstare
1158 2790 1191 2854 iu
1215 2790 1268 2854 uie
1357 2801 1403 2854 235
1463 2795 1464 2876 J

292 2898 412 2980 Solum,
435 2899 611 2983 prostibuli
633 2920 712 2964 seue
736 2907 794 2963 est.

739 3020 968 3028 *Μ-

297 3225 303 3238 .
329 3225 336 3238 .
360 3225 367 3237 .
391 3175 568 3239 meminere
591 3173 734 3239 officium
758 3195 852 3238 suum

688 3367 1014 3433 Alcesimarchus

293 3475 389 3541 Potin
414 3495 450 3540 es
471 3481 508 3539 tu
531 3473 627 3540 homo
653 3475 780 3540 fucinus
802 3475 910 3542 fucere
934 3475 1127 3542 strenuum?

773 3583 934 3648 Amicus

1033 3691 1181 3756 Aliorum
1205 3689 1329 3756 affatim
1351 3690 1404 3759 est,

296 3799 359 3878 Qui
381 3799 520 3880 fuciant3
544 3821 622 3865 seue
646 3821 706 3883 ego
728 3819 779 3863 me
802 3799 877 3865 uolo
900 3799 1016 3864 sortem
1040 3799 1205 3882 perhiberi
1228 3800 1344 3863 uirum.

381 4058 430 4110 225
448 4057 539 4110 facere
558 4059 586 4109 et
604 4055 628 4107 ei
646 4055 764 4123 posthoc
782 4055 835 4107 sim
964 4057 1016 4109 227
1033 4073 1141 4109 mecum
1159 4059 1290 4108 exuetere
1307 4065 1405 4107 mecum

296 4143 345 4196 235
364 4160 404 4211 sq.
422 4141 532 4196 Nonius
546 4142 654 4209 12423:
672 4141 793 4194 ebonem
850 4141 900 4194 236
918 4141 1074 4209 prostibulo
1131 4142 1182 4195 237
1199 4139 1310 4195 Nonius
1325 4134 1405 4208 12499

296 4229 347 4282 238
365 4245 406 4296 sq.
427 4227 532 4282 Gellius
555 4227 599 4281 VI
612 4226 704 4292 (VII),
723 4227 747 4294 7,
764 4228 796 4280 3:
815 4225 916 4280 Potine
934 4233 965 4280 tu
