2982 5014
241 341 302 402 364
709 331 891 386 Mostellsris.

240 531 320 590 reric
339 528 474 601 debetur,
498 526 683 586 scribendum
702 533 762 586 est:
787 519 844 585 tibi
861 541 1020 602 umquem.
1064 525 1184 586 Miller.
1197 525 1364 586 scribebat:

164 699 179 706 υ
243 633 339 704 „Quin
362 629 417 690 tibi
440 613 597 706 numquam
621 629 783 706 quidquem
805 625 896 702 cet.“,
927 627 1036 705 quibus
1066 647 1169 686 errore
1197 631 1365 704 interroge-

239 735 330 793 tionie
354 733 468 808 signum
492 729 626 790 setium
648 737 701 792 est.
725 761 763 772 -
790 731 861 790 909.
885 729 966 791 Ccm.
990 729 1053 790 ed.:
1092 729 1174 807 „Ego
1196 732 1277 790 enim
1298 731 1367 790 ceni

239 841 329 896 recte.
373 833 433 892 TR.
457 831 532 890 Eum
556 833 628 890 mihi
652 832 742 892 debes
764 835 892 908 gretiam
916 837 1007 910 etque
1030 835 1128 891 enimo
1150 829 1246 891 meo“.
1295 832 1366 891 Aci-

240 937 336 998 elelins
365 955 442 994 unus
467 930 659 1008 ,Qu0m0d0“
689 936 788 1012 inquit
814 933 972 1007 „Tranioni
1000 937 1130 1010 gretiam
1158 935 1250 993 ullam
1274 933 1368 992 debet

240 1057 340 1112 senex,
364 1039 390 1096 si
411 1039 476 1115 ipse
505 1043 585 1096 recte
613 1031 715 1096 cavit?
748 1037 826 1108 Quin
848 1037 905 1096 sibi
928 1035 1017 1096 dehet
1039 1056 1172 1110 ornnem,
1207 1043 1300 1113 etque
1320 1039 1369 1095 ite

240 1143 333 1204 sensit
356 1140 505 1216 dixitque:
536 1139 601 1217 Ego
624 1139 702 1198 enim
725 1140 789 1196 ccvi
812 1143 907 1210 recte;
937 1159 999 1197 eem
1021 1139 1096 1197 milri
1119 1139 1213 1198 debeo
1235 1141 1368 1216 gretiam

240 1249 331 1320 etque
364 1243 462 1300 enimc
496 1237 593 1301 meo“.
656 1240 769 1300 Ritsch.
798 1245 896 1300 temen
930 1239 1132 1303 camerarium
1164 1247 1286 1300 secutus
1318 1247 1370 1298 est

244 1365 328 1421 „cem
358 1343 448 1402 debes
476 1341 622 1418 gretisrn“
653 1343 802 1416 scribens,
837 1341 889 1402 sed
918 1350 953 1402 ut
982 1348 1050 1402 ente
1078 1343 1141 1402 hec
1169 1341 1230 1402 duo
1260 1363 1368 1402 versus

242 1447 381 1508 dimidios
416 1445 561 1506 excidisse
593 1449 725 1523 putaret.
786 1443 882 1520 Bngg.
911 1451 992 1504 recte
1025 1445 1196 1520 intelligens
1229 1447 1367 1522 ineptum

241 1569 304 1608 csse
327 1549 401 1608 illud
427 1549 517 1620 ,milri
540 1553 628 1624 etque
650 1549 750 1606 enimc
778 1543 862 1606 meo“
894 1546 958 1606 eu:
995 1547 1086 1620 ,Eum
1116 1546 1367 1622 debes'grstiem

240 1652 340 1712 hercle
373 1653 472 1710 enimc
505 1645 601 1708 meo“.
665 1648 724 1708 Sed
757 1653 825 1708 ente
860 1651 960 1709 omnic
992 1649 1160 1709 shiiciends
1193 1655 1368 1708 correctura

245 1750 392 1830 „dehes“;
421 1772 476 1830 ego
499 1750 738 1830 scripsissetis
760 1767 826 1812 eam
848 1745 974 1812 habebit
993 1747 1139 1830 ytaliam,
1161 1754 1182 1812 i.
1205 1772 1231 1810 e.
1255 1773 1311 1812 nec
1330 1758 1368 1810 tn

221 1859 304 1916 -eiue
327 1858 371 1915 rei
394 1855 520 1930 gretiam
543 1854 629 1926 feres,
658 1860 693 1912 ut
714 1856 795 1930 χάριν
817 1853 884 1920 ι’ξιιν
907 1853 1057 1912 Plutarch.
1080 1853 1168 1932 Agit.
1195 1855 1245 1914 10.
1290 1854 1366 1913 'lum

242 1955 345 2020 animo
372 1971 440 2018 meo
468 1962 513 2014 est
545 1975 629 2030 ,meo
657 1955 778 2034 quidem
801 1953 930 2029 enimo“,
960 1955 1040 2034 qnod
1068 1961 1099 2015 et
1122 1956 1203 2033 sputi
1223 1957 1366 2016 Pleutunr

241 2061 380 2138 frequens
403 2064 449 2119 est
472 2063 503 2117 et
525 2057 605 2135 spud
627 2058 815 2132 Ciceronem
838 2061 947 2118 omisso
974 2055 1131 2136 ,quidem“
1157 2065 1256 2118 exstet
1277 2059 1364 2118 Curc.

244 2165 314 2224 505.
349 2161 429 2220 Men.
454 2163 525 2220 225.
559 2161 652 2220 Stich.
677 2161 734 2220 43:
759 2160 886 2221 eiciet.
909 2163 941 2220 t:
969 2165 1022 2235 ,ut
1044 2178 1126 2218 meus
1150 2165 1195 2220 cst
1217 2159 1363 2220 unimns“.

241 2295 283 2306 -
312 2266 384 2323 911.
417 2263 480 2322 Rus
507 2262 603 2323 ebisse
630 2262 861 2322 Philolachetem
889 2282 951 2322 nou
978 2262 1160 2336 audivimus,
1195 2265 1250 2322 sed
1279 2263 1365 2322 facile

241 2367 435 2442 intelligitur,
458 2367 483 2424 ei
506 2363 634 2424 urbenes
656 2365 733 2424 edes
756 2366 920 2442 reliquerit,
943 2365 1006 2423 ruri
1029 2385 1096 2423 eum
1117 2363 1265 2424 habitere.
1312 2359 1365 2425 abl

241 2483 299 2529 rus
321 2470 352 2527 in
375 2469 401 2528 A
423 2469 532 2526 lectum
555 2473 613 2540 eet;
646 2467 719 2525 item
741 2461 841 2540 iubes,
863 2487 891 2526 s.
915 2466 1046 2526 Studem.
1071 2467 1230 2541 Pestgrnes
1252 2489 1283 2544 p.
1308 2467 1362 2540 693

241 2573 273 2630 in
302 2577 466 2629 ceterorum
490 2569 637 2646 scripture
662 2566 782 2643 „uoles“
812 2569 944 2627 uturum
973 2571 1113 2628 vitiosum
1142 2574 1196 2628 est.
1220 2599 1264 2610 -
1292 2571 1362 2627 919.

247 2667 426 2746 &cerritulo
461 2673 495 2732 cl.
523 2673 593 2732 354.
653 2665 818 2732 Curriculo
846 2665 932 2745 iube,
965 2674 1000 2729 ut
1026 2670 1114 2730 Both.
1139 2670 1250 2744 edidit,
1285 2670 1363 2729 ich

244 2783 299 2835 est.
352 2769 421 2834 iube
447 2771 568 2846 ueniat,
602 2793 630 2832 v.
655 2773 692 2832 ed
721 2773 828 2852 Amph.
853 2775 924 2833 202.
968 2772 1049 2832 Pers.
1075 2775 1145 2832 604.
1189 2772 1268 2831 Rue.
1291 2773 1361 2832 708,

243 2877 410 2938 Ter.Eun.
436 2879 507 2937 691.
552 2876 755 2935 Heeut.737.
799 2876 855 2936 Ad.
881 2877 952 2934 915.
977 2905 1018 2916 -·
1048 2868 1201 2948 Licet,u.
1227 2877 1362 2934 394.—

244 2981 304 3040 913
333 3000 377 3058 eq.
403 2979 471 3039 Hecc
497 2979 607 3038 Trenio
636 2977 739 3036 chiens
768 2998 875 3037 secum.
918 2971 994 3038 illac
1015 2979 1051 3036 A.
1079 3008 1122 3019 -
1148 2991 1360 3054 commones,

244 3082 376 3141 eiusdem
393 3083 520 3141 convivii
538 3087 590 3140 cut
608 3082 678 3140 vite
694 3081 865 3158 participes,
884 3080 920 3139 el.
936 3081 1026 3140 1033.
1062 3080 1142 3138 Pers.
1160 3081 1210 3138 90.
1244 3079 1360 3138 Trucul.
1476 3081 1477 3092 ¹

247 3185 316 3244 104.
360 3183 454 3243 Varro
477 3183 511 3242 L.
534 3184 569 3242 L.
591 3183 661 3256 Vll,
693 3184 730 3242 55
755 3184 888 3260 operris
911 3183 1038 3241 derivet.
1093 3181 1171 3240 Eum
1199 3187 1362 3257 sequuntur

242 3283 349 3344 Festus
365 3307 395 3363 p.
414 3287 474 3344 297
494 3290 524 3344 et
540 3285 655 3344 Nonius
671 3306 701 3364 p.
726 3286 803 3345 118:
830 3291 882 3359 „ut
904 3285 1033 3344 collusor
1055 3303 1146 3355 meus,
1172 3283 1224 3360 qui
1246 3283 1360 3341 eusdem

245 3397 380 3448 exerceat
402 3383 531 3465 nuges“;
554 3389 735 3446 recentiores
758 3387 878 3465 quidem
901 3407 918 3445 e
940 3385 1135 3466 congerendo,
1160 3387 1245 3463 quesi
1272 3405 1361 3461 „syrn-

244 3492 379 3550 bolerum
402 3487 584 3550 conlatores“
604 3490 689 3551 Ourc.
703 3491 782 3563 473;
805 3509 842 3548 ne
863 3490 919 3548 hoc
941 3489 1062 3568 quidem
1083 3493 1174 3560 recte,
1199 3491 1224 3546 si
1245 3487 1361 3563 quidem

244 3594 369 3671 simplex
400 3589 525 3670 „gerro“
556 3597 653 3652 exstet
679 3592 798 3652 Terent.
829 3592 934 3651 Heent.
970 3593 1060 3650 1033.
1116 3589 1160 3648 cf.
1184 3589 1303 3648 Brendt
1333 3592 1361 3647 in
1476 3619 1477 3642 l

244 3696 349 3755 Annei.
362 3695 435 3772 phil.
450 3695 556 3754 CXVII
572 3715 601 3772 p.
622 3696 692 3754 377.
711 3723 752 3736 -
772 3695 842 3752 914.
867 3693 1006 3752 Errorem
1029 3693 1215 3770 palimpsesti
1237 3697 1361 3750 testetur

245 3796 339 3876 chp.
363 3796 448 3858 stud.
470 3797 500 3855 11
522 3819 552 3875 p.
576 3799 626 3857 77.
692 3796 765 3854 Post
792 3793 912 3872 quietae
934 3796 1035 3854 histur
1056 3797 1087 3853 in
1109 3793 1242 3866 dieresi,
1276 3787 1385 3870 αἰψ’

206 3957 212 3964 ,
246 3907 430 3979 correptum,
464 3919 491 3958 v.
515 3900 634 3974 Proleg.
656 3919 686 3977 p.
711 3901 781 3957 205.
844 3897 879 3957 R.
910 3896 1049 3957 Guietum
1081 3901 1213 3956 secutus:
1258 3901 1360 3971 „etque

244 4003 322 4062 hunc
343 3999 407 4062 ut“.

331 4106 402 4163 915.
427 4103 474 4161 Ad
497 4103 700 4162 Cellidsmetis
722 4122 822 4161 servos
845 4122 893 4161 res
916 4101 1001 4160 redit.
1047 4096 1180 4172 sortitae,
1205 4119 1244 4158 sc.
1260 4105 1313 4171 est,
1335 4120 1359 4157 ι.

247 4205 285 4264 sd
306 4206 414 4282 Amph.
440 4208 509 4266 590.
556 4205 589 4264 R.
612 4204 738 4264 eddidit.
762 4235 803 4246 -
827 4205 898 4264 916.
928 4198 1088 4264 tibicinum
1110 4203 1301 4274 cantantem,
1324 4219 1359 4258 se.
