2970 5006
544 389 576 443 v.
595 391 737 446 aot—404.
1139 401 1200 462 273

82 587 198 640 scentes
222 584 359 660 culpent,
394 585 479 661 quasi
507 604 564 643 non
594 587 651 662 ipsi
678 587 731 644 illu
761 591 847 646 aetete
876 587 985 648 similia
1007 588 1198 665 deliquerint.

81 685 223 744 Editores
252 693 460 764 compararunt
482 686 600 746 Seneoe
628 689 724 747 looum
747 689 855 761 Queat.
879 696 938 750 nat.
961 690 985 764 1,
1012 693 1058 764 17,
1083 695 1110 764 4,
1141 693 1199 750 ele-

80 795 202 865 gantem
225 809 297 848 sane
320 795 350 848 et
372 789 508 866 dignum,
532 791 582 868 qui
604 791 729 869 legatur.
757 821 800 832 -
829 795 899 852 382.
928 789 1019 854 modo
1040 796 1099 853 iarn
1122 797 1153 854 in
1176 795 1199 854 B

82 913 137 950 em.
167 923 210 932 —-
240 894 310 950 384.
346 885 411 952 Sed
441 890 496 970 qui
524 893 637 952 Cramer.
682 894 752 952 Mox
785 895 1026 973 interpolationis
1059 897 1199 957 indicium

81 995 281 1068 manifestum,
306 995 408 1054 eedem
430 995 520 1056 verbo
542 998 679 1072 repetita,
702 1017 739 1055 ne
761 999 931 1076 superiores
954 999 1074 1076 quidem
1095 1002 1199 1074 latuit3

80 1099 134 1156 sed
162 1104 197 1156 ut
223 1099 308 1175 prior
334 1117 436 1158 versus
464 1101 642 1172 retineatur,
676 1103 827 1176 posterior
861 1101 1008 1176 deleatur,
1042 1105 1108 1162 fieri
1140 1125 1200 1164 non

80 1179 198 1281 potestJ
229 1202 368 1278 quoniam
400 1221 469 1275 „cor
490 1199 671 1280 sapientiae“
703 1202 777 1262 nihil
799 1209 858 1276 est;
891 1204 993 1282 itaque
1016 1205 1199 1285 Geppertum

80 1306 177 1364 secuti
203 1323 301 1363 eumue
329 1309 446 1382 partem
474 1305 630 1382 utriusque
652 1325 754 1364 versus
776 1306 940 1368 tollentem.
966 1338 1006 1348 -
1036 1311 1106 1370 338.
1144 1303 1202 1371 Uel

81 1409 250 1485 exemplum
272 1409 420 1485 proponit,
442 1427 471 1465 v.
489 1409 527 1466 sd
544 1407 659 1468 Curenl.
681 1410 751 1468 611.
796 1408 936 1468 Proxima
958 1417 1099 1490 corrupta
1121 1419 1199 1485 sunt,

79 1512 131 1569 sed
155 1531 257 1570 sensus
276 1515 409 1588 apparet.
458 1507 579 1587 „quasi“
597 1513 763 1570 necessario
779 1511 945 1586 delendum,
969 1533 1023 1572 neo
1044 1512 1197 1592 „egomet“

79 1616 179 1691 primo
206 1614 270 1671 loeo
298 1613 369 1670 ferri
396 1617 510 1690 potest,
541 1633 568 1672 v.
600 1613 716 1678 Miller.
746 1613 867 1675 Prosod.
898 1636 926 1692 p.
958 1617 1029 1676 487.
1081 1614 1200 1676 dudum

79 1717 207 1776 Guietus
237 1735 307 1788 em.‚
341 1716 360 1774 i.
384 1736 409 1772 e.
432 1735 540 1792 nuper,
570 1737 598 1774 v.
623 1717 660 1776 ed
685 1716 793 1794 Amph.
818 1721 888 1778 654.
943 1720 1083 1778 Proximo
1111 1740 1199 1778 versu

80 1813 218 1896 qu‘lnei
238 1818 356 1877 Mullsr.
408 1818 452 1876 De
480 1821 610 1896 repetito
637 1821 812 1897 pronomine
841 1821 901 1880 vid.
931 1821 969 1879 od
996 1821 1102 1900 Amph.
1129 1825 1198 1882 532.

79 1926 186 1984 Goetz.
209 1923 320 1999 partim
343 1921 565 1984 Enhrmannum
588 1927 721 1982 secutus:
755 1922 863 1995 „Uelut
884 1928 1001 1999 egomet
1022 1923 1133 1983 (ludum
1157 1924 1199 1984 fili

79 2047 171 2088 consa
197 2043 354 2104 coeperam
376 2025 475 2083 Animi
503 2025 570 2083 med
598 2021 796 2085 exomciare“.
825 2055 867 2066 -
901 2029 972 2088 390.
1006 2023 1101 2087 Meas
1130 2033 1198 2086 cett.

79 2131 222 2189 101111-
240 2144 288 2196 me
311 2141 385 2204 elya
407 2127 520 2187 Cemer.
558 2122 704 2202 plurima
725 2128 806 2188 Pius.
822 2159 858 2170 -
881 2131 951 2189 393.
975 2130 1060 2188 Hune
1082 2150 1199 2189 versum

78 2235 132 2292 hoc
164 2231 283 2310 quidem
316 2231 380 2289 loeo
408 2251 426 2289 a
452 2229 560 2290 Plauto
589 2251 649 2291 non
677 2251 740 2290 esse
773 2233 916 2310 scriptum
948 2233 1034 2292 facile
1065 2238 1198 2311 apparet.

77 2338 138 2394 Alii
173 2339 244 2413 post
269 2355 296 2392 v.
323 2335 382 2394 335
416 2338 590 2412 posueruut,
624 2333 766 2393 Goetzius
800 2356 865 2394 eurn
894 2337 994 2394 Brixio
1027 2343 1097 2415 post
1128 2339 1197 2396 387.

77 2439 156 2498 Mihi
178 2441 297 2515 spurius
319 2435 487 2496 videbatur.
510 2467 554 2476 -
577 2439 646 2498 394.
674 2436 749 2510 „Sed
772 2437 828 2497 huo
851 2435 952 2497 meus“
978 2439 1080 2500 Goetz.

168 2543 238 2600 396.
265 2534 350 2615 Quid
369 2535 429 2615 fit?
465 2540 510 2600 ed.
534 2560 589 2618 pn,
613 2545 633 2602 i.
657 2561 683 2600 e.
707 2540 779 2619 quid
801 2537 947 2600 effecisti?
979 2563 1007 2600 v.
1032 2543 1069 2601 ad
1091 2543 1196 2602 Baeeh.

79 2647 158 2716 624,
188 2643 240 2702 ubi
263 2642 436 2701 hievernus
463 2661 523 2702 non
545 2664 599 2704 suo
621 2645 686 2703 loeo
708 2646 824 2723 positus
846 2650 900 2703 est.
956 2645 1028 2704 Mox
1050 2646 1141 2704 verba
1163 2631 1203 2704 ex'

76 2747 217 2824 proximo
242 2763 329 2804 versu
351 2746 427 2804 male
449 2751 599 2824 precepta
620 2746 732 2805 delerit
754 2747 927 2807 Gulielmus.
950 2777 993 2788 -
1016 2749 1086 2808 397.
1115 2743 1199 2824 Quin

78 2845 194 2920 ornini3
217 2849 334 2906 litteras
356 2853 437 2906 reete
455 2847 556 2909 divisit
573 2849 730 2910 Gruterus.
776 2852 877 2927 Atqui,
901 2852 1006 2927 inquit,
1030 2870 1198 2932 nonomen

77 2955 177 3012 solum
199 2951 396 3024 laudandum,
427 2951 478 3010 red
501 2973 585 3012 omen
608 2959 772 3030 sequuntur
795 2955 894 3012 omnia
921 2973 1072 3032 prospera.
1128 2954 1198 3015 Cor·

78 3057 191 3115 rectori
219 3055 328 3114 codicis
350 3053 374 3112 B
396 3054 530 3128 debetur,
554 3056 633 3132 qnod
655 3055 783 3115 Weisius
807 3063 838 3116 et
859 3057 938 3115 Brix.
963 3058 1091 3135 amplexi
1113 3063 1196 3116 sunt:

82 3161 179 3232 „Quoi
207 3153 350 3216 homini“.
373 3187 414 3198 -
440 3161 509 3218 393.
535 3159 568 3217 tu
590 3153 670 3218 lianc
698 3179 763 3218 oum
786 3159 877 3232 hiatu,
901 3181 929 3219 v.
948 3160 1197 3239 Proleg.p.819.

78 3263 172 3334 Brix.‚
191 3259 309 3320 Goetz.:
331 3269 383 3333 „tu
395 3257 520 3320 istane“.
534 3291 576 3302 -
586 3256 656 3320 iube
666 3259 715 3320 sis
726 3262 872 3321 Gruterus
885 3282 957 3335 em.;
982 3265 1033 3322 alii
1048 3261 1198 3335 „iubeas“.

78 3363 238 3422 Editornm
256 3363 408 3442 plerique:
435 3365 532 3436 „intro
551 3361 673 3424 iubeas“
694 3366 743 3424 vel
763 3367 859 3438 „intro
877 3367 945 3426 iube
964 3362 1034 3438 sia“,
1053 3387 1088 3426 ne
1100 3368 1198 3426 hiatus

78 3467 127 3525 sit.
158 3497 201 3504 —
232 3468 301 3524 399.
336 3462 434 3526 Exite
460 3461 519 3526 into
546 3462 677 3545 aliquit,
711 3469 747 3526 oi.
777 3469 855 3528 Men.
888 3471 958 3528 661.
999 3469 1090 3528 Mero.
1122 3473 1197 3529 898:

83 3569 210 3646 „aliquis
228 3569 284 3626 huo
301 3569 381 3628 foros
398 3565 506 3628 exite“.
542 3571 651 3630 Pseud.
674 3573 770 3630 1282:
797 3571 928 3644 „Simoni
947 3569 1113 3632 edesseno
1133 3573 1199 3648 quia

79 3667 246 3730 nuntiate“.
301 3671 392 3730 Stich.
417 3674 471 3731 71:
505 3674 591 3747 „inde
613 3678 753 3733 uocatote
776 3669 897 3751 aliqui“.
948 3674 1014 3734 Ter.
1037 3674 1095 3733 Ad.
1120 3674 1197 3732 634:

83 3775 218 3853 „aperite
237 3772 375 3850 aliquie“.
421 3775 463 3833 cf.
484 3775 521 3833 ad
544 3777 653 3854 Amph.
674 3779 764 3836 1087.
787 3807 829 3818 -
852 3779 924 3836 402.
947 3771 1096 3852 aedicula,
1119 3776 1198 3834 cubi·
1282 3803 1284 3808 ·

81 3879 187 3935 culum.
205 3906 247 3916 -
269 3871 370 3936 istanc
391 3879 422 3935 in
445 3878 468 3935 B
491 3879 686 3940 emendatum.
707 3911 747 3920 -
767 3875 999 3956 concludiuolo‚
1023 3899 1087 3957 que
1106 3881 1199 3938 verba

80 3981 111 4036 in
133 3978 147 4037 I
170 3980 269 4038 versui
292 3981 351 4039 399
376 3979 478 4039 addito
500 3981 579 4053 aurit,
603 3985 692 4040 etiam
709 3985 741 4040 in
758 3983 782 4041 B
800 3985 884 4060 prius
906 3982 948 4039 ibi
970 3985 1082 4059 scripte
1105 3987 1197 4054 erant,

81 4087 184 4157 'postea
201 4101 285 4140 erasa
302 4087 333 4139 et
350 4102 404 4141 sno
419 4084 484 4142 loeo
501 4081 610 4162 posite.
629 4115 671 4126 -
689 4087 760 4145 403.
785 4080 967 4160 Diuortrmt,
991 4085 1099 4144 diversi
1120 4091 1198 4144 sunt.

81 4183 183 4242 Lamb.
201 4185 316 4243 confert
337 4185 409 4244 Hor.
428 4187 484 4264 Ep.
504 4186 527 4260 Ι,
554 4187 601 4259 18,
628 4189 661 4246 3;
692 4193 745 4262 „ut
768 4195 905 4247 matrona
927 4191 1074 4246 meretrici
1098 4188 1200 4264 dispar

82 4283 168 4345 erit“.
192 4317 233 4328 —
256 4288 327 4346 404.
351 4305 520 4366 numquam
542 4309 597 4348 em.
621 4289 765 4349 Fleckeis.
789 4291 897 4349 Philol.
916 4291 945 4350 Il
966 4311 996 4366 p.
1016 4294 1070 4363 873
1092 4290 1182 4364 vulgo

964 4407 996 4458 18
