2976 5018
585 407 747 463 Cistellaria.
1182 415 1222 476 99

594 600 723 666 Senex

96 709 170 772 Non
195 707 290 773 modo
311 708 386 790 ipsa
408 707 559 792 lepidast,
584 709 752 774 commode
769 729 900 793 quoque
918 709 1027 773 burele
1044 708 1220 774 fabulatur.

96 817 162 882 Sed
185 837 285 899 quom
307 817 398 882 dieta
419 817 518 882 huius
541 819 749 900 interpretor,
778 817 859 882 haee
881 817 990 882 berble
1013 825 1072 896 eat,
1102 825 1139 880 ut
1162 837 1221 900 ego

816 926 944 1011 opinor,
1171 943 1220 996 871

96 1033 207 1098 Meum
230 1055 316 1119 quae
339 1036 520 1118 corrumpit
541 1033 658 1114 filium;
683 1036 828 1116 euspicio
852 1040 902 1099 est
925 1053 998 1098 eam
1020 1053 1102 1099 ease.

94 1139 149 1205 Iu
168 1139 233 1221 pol,
258 1161 356 1223 quom
379 1163 559 1225 numquam
583 1143 731 1219 uiderim,
754 1142 795 1206 de
818 1143 970 1225 opinione
993 1141 1100 1208 eredo.

94 1249 180 1314 Nam
202 1250 304 1314 hasne
325 1251 418 1316 aedis
447 1251 628 1316 eonductas
657 1251 759 1316 habet
787 1271 878 1314 meus
906 1257 1037 1332 gnatus,
1061 1252 1142 1316 haee
1164 1251 1220 1317 ubi

813 1359 941 1440 adetum

97 1465 167 1530 Hoc
190 1465 276 1530 hane
293 1487 364 1531 eam
383 1488 455 1532 esse
473 1467 632 1550 opinioat3
654 1488 731 1532 nam
750 1465 832 1532 haee
848 1467 943 1532 illum
960 1468 1150 1532 nominauit.
1170 1485 1221 1538 275

97 1575 180 1652 Quid
211 1577 241 1640 si
263 1575 379 1640 adeam
402 1581 502 1661 atque
525 1575 709 1659 appellem?
752 1575 831 1640 Mali
853 1575 1029 1660 damnique
1046 1575 1219 1657 inlecebra,

128 1725 137 1750 .
750 1683 752 1688 ’
810 1683 911 1749 salue.

102 1841 396 1857 ..........
419 1787 613 1876 posbulabis.

99 1946 391 1968 ..........
415 1901 491 1969 nale

98 2057 393 2075 ..........
416 2009 503 2075 alter

100 2165 265 2183 ......
275 2126 298 2178 ’.
324 2165 330 2178 .
355 2166 362 2179 .
387 2169 394 2182 .
418 2118 550 2203 quiduis

98 2227 182 2304 Quid
204 2246 265 2309 ego
288 2247 427 2312 usquam
452 2281 458 2291 .
484 2276 492 2290 .
516 2279 523 2290 .

99 2334 228 2400 Habent
252 2385 388 2400 .....
412 2343 512 2420 atque
533 2343 649 2402 nostra

100 2549 201 2616 Lenta
224 2574 259 2617 ee
282 2559 388 2617 mater
410 2603 417 2615 .
443 2605 450 2618 .
475 2601 481 2614 .
506 2601 513 2614 .
538 2553 702 2637 quidem.
727 2605 734 2618 .
759 2605 765 2617 .
789 2553 955 2618 innocenti

100 2659 147 2725 Do
169 2661 229 2725 tibi
253 2712 260 2726 .
286 2711 292 2724 .
318 2711 324 2723 .
349 2711 355 2724 .
381 2661 467 2725 ullus
491 2663 552 2726 nisi
575 2663 637 2727 tibi
660 2715 667 2728 .
692 2713 699 2725 .
724 2713 731 2726 .
757 2710 763 2723 .
787 2683 883 2727 rarus
906 2663 1081 2744 quisquam
1168 2679 1218 2732 aen

102 2765 163 2831 Sed
183 2769 247 2833 iste
272 2817 277 2828 .
304 2821 309 2831 .
336 2821 342 2833 .
367 2821 373 2834 .
396 2769 482 2835 filius
506 2772 639 2854 quidem

102 2877 142 2938 At
163 2897 219 2958 ego
243 2897 353 2942 moror
376 2927 605 2944 ........
631 2879 807 2948 damnosos
829 2886 908 2945 aute
930 2878 1033 2944 ullum

104 2981 183 3059 Quid
207 3036 339 3050 .....
363 2988 434 3054 iane
456 2989 529 3054 eat?

483 3243 485 3250 ·
531 3199 784 3284 Gymnasium

590 3308 765 3374 Arbitror?

185 3465 444 3483 .........
469 3418 563 3483 aufer
584 3439 726 3483 manum.

109 3572 114 3582 .
137 3574 143 3585 .
165 3575 172 3587 .
196 3578 201 3588 .
225 3527 313 3592 aleas
344 3575 606 3592 .........
630 3547 688 3590 our
709 3528 832 3608 gaudet

109 3635 265 3700 ....ad
279 3683 509 3700 ........
533 3635 610 3702 dolo

108 3733 264 3806 Ut....

109 3840 169 3911 Noa
190 3849 282 3917 illata
305 3899 440 3917 .....
465 3862 524 3917 aut
546 3855 602 3937 qui

109 3995 140 4018 ·.
165 4007 171 4019 .
196 4009 202 4020 .
225 3981 310 4042 pone
335 4009 533 4024 .......
557 3982 644 4044 quae
667 3963 716 4026 ita
740 4012 746 4024 .
771 4008 778 4021 .
803 4011 811 4025 .
833 3959 925 4043 loqui

112 4107 171 4126 ·..
194 4117 200 4128 .
223 4067 281 4132 das
303 4068 382 4133 mihi
405 4089 537 4153 operam

114 4211 324 4232 ”Q—

186 4307 233 4359 2'78
249 4306 287 4361 Ut
304 4315 453 4378 postquam
