3030 5022
133 409 190 477 111,
203 413 226 477 1,
238 409 373 464 1so-1a
605 407 788 464 nomnen.

544 596 853 680 Theopropides

139 705 211 782 Qua
233 707 267 769 in
288 707 420 787 regione
444 705 527 770 istas
550 704 642 769 aedis
668 703 744 782 emit
765 703 875 770 tilius?

625 856 777 922 Tranio
816 857 819 864 '

135 967 225 1032 Ecce
248 973 357 1030 autem
379 967 471 1049 perii.
552 1033 556 1043 ,

545 1093 855 1200 Theopropides

406 1281 412 1292 ι
520 1201 648 1268 Dicisne
670 1204 734 1268 hoo
756 1202 844 1286 qnod
867 1209 899 1268 te
921 1202 1023 1285 rogo?

623 1355 772 1421 Tranio

135 1463 270 1540 Dicam;
294 1461 351 1528 sed
373 1485 491 1554 nomen
515 1463 637 1528 domini
661 1485 783 1546 quaero
806 1461 885 1544 quid
909 1453 981 1528 siet.
1006 1457 1008 1460 ’

238 1713 241 1730 Ι
553 1632 856 1717 Theopropides

37 1741 45 1756 '
135 1743 209 1822 Age
232 1742 467 1806 conminiscere
491 1761 578 1824 ergo.

626 1889 775 1954 Tranio
892 1971 898 1981 ι

631 1994 716 2072 Quid
739 2017 799 2078 ego
822 2017 908 2060 nunc
932 2016 1037 2080 agam,
1213 2013 1265 2066 oso

136 2103 212 2168 Nisi
234 2109 272 2169 ut
294 2105 327 2166 in
350 2104 494 2168 uicinum
517 2103 605 2167 hunc
627 2125 820 2187 proxumum
843 2123 910 2168 rem
933 2103 1115 2182 conferam?
1172 2149 1174 2154 -

136 2211 217 2275 Eas'
231 2213 350 2277 emisse
374 2209 465 2275 aedis
489 2210 585 2276 huius
610 2211 716 2276 dicam
739 2211 851 2276 filium.

135 2317 292 2384 Calidum
314 2318 424 2384 hercle
448 2319 560 2384 andini
583 2339 655 2384 esse
678 2326 848 2401 optumum
872 2318 1087 2384 mendacium.

139 2425 310 2510 Quidquid
335 2426 409 2491 dein
432 2425 497 2506 fiet
520 2427 553 2490 id
577 2425 778 2492 decretumst
799 2427 917 2492 dicere.

551 2577 863 2663 Theopropides

140 2687 232 2764 Quid
254 2689 376 2770 igitur?
399 2691 465 2753 iam
488 2687 730 2756 conmeatus’s‘?
870 2689 876 2701 '

924 2771 940 2810 Ο

630 2839 778 2906 Tranio
844 2889 853 2908 Ι

766 2947 823 3044 ‚Di
845 2949 945 3013 istum
967 2945 1128 3048 perduint.
1217 2957 1268 3010 666
1334 2913 1340 2922 ¹

142 3057 252 3120 Immo
272 3057 379 3120 istunc
401 3057 522 3137 potius.
568 3053 615 3120 De
638 3055 746 3121 uicino
769 3055 831 3120 hoc
854 3075 1010 3138 proxumo

142 3163 237 3228 Tuus
259 3164 338 3228 emit
360 3162 450 3228 aedis
473 3161 571 3227 filius.
652 3232 657 3244 ¹

555 3309 860 3394 Theopropides

611 3417 726 3483 Bonan
748 3417 834 3482 fide?

557 3591 564 3617 ¹
634 3569 781 3636 Tranio

145 3677 183 3742 Si
207 3677 339 3760 quidem
360 3683 397 3742 tu
421 3683 593 3760 argentum
616 3661 842 3756 redditurus’a
866 3684 937 3743 tum
959 3675 1061 3757 bona3

148 3785 184 3849 Si
207 3784 395 3850 redditurus
417 3807 482 3850 non
505 3807 549 3864 es,
572 3807 637 3850 non
661 3789 739 3850 emit
761 3786 858 3852 bona.

238 4024 289 4076 649
307 4023 377 4076 sciat
457 4023 505 4076 651
525 4022 665 4076 uitiunum
683 4024 709 4077 Β
792 4012 947 4092 proximum
965 4010 1137 4076 mendatium
1223 4019 1274 4072 664

148 4107 292 4176 Quidquid
311 4108 356 4161 dei
374 4107 473 4162 dicunt
565 4115 674 4162 rectum
692 4115 735 4163 est
750 4108 780 4162 Β
876 4109 926 4162 665
945 4111 1120 4163 commentus
1217 4103 1272 4158 diis

103 4209 110 4224 '
149 4199 232 4248 tunm
247 4192 284 4260 B,
302 4192 432 4246 Deistum
450 4185 489 4246 0'
522 4193 572 4246 656
590 4194 661 4248 istuc
715 4195 766 4247 658
785 4195 814 4248 Si
832 4194 944 4262 quidem
963 4211 993 4248 es
1012 4194 1157 4258 argentum
1176 4187 1271 4242 reddi-

151 4283 232 4331 turus
252 4277 301 4331 BG
368 4279 418 4330 659
437 4293 466 4330 ee
485 4279 553 4331 amit
571 4278 598 4332 B

1105 4383 1122 4433 8
1210 4459 1215 4468 .
