2970 5006
261 384 321 444 318
728 375 910 432 Mostellsris.

258 573 397 632 feminino
419 572 544 632 Plautus
566 572 769 632 Mostellaria:
799 572 966 647 gerundum
988 590 1098 632 morem
1122 591 1229 632 censeo
1250 575 1282 630 et
1304 572 1379 646 cepi·

257 675 352 736 undus
387 677 482 736 crines
508 673 597 734 tibi“.
651 674 737 736 Unde
765 673 800 734 R
823 675 960 734 licentius
988 695 1109 736 versum
1143 677 1184 734 sic
1213 675 1379 752 rescripsit:

262 779 394 852 ,liorem
427 779 594 853 gerundum
629 796 734 836 censeo
761 777 818 836 tibi
847 783 877 836 et
904 777 1068 855 capiundos
1098 775 1226 837 crines“.
1284 775 1381 835 Genus

259 883 402 954 nominis,
437 879 564 957 quodB
591 879 683 938 hebet
710 901 727 938 c
754 882 852 957 prime
881 901 984 954 menn,
1019 881 1194 958 Noniusque
1227 882 1321 938 etium
1349 899 1383 936 ex

136 993 138 998 '
259 986 334 1043 Atta
362 985 463 1056 effert,
493 1003 558 1042 cum
582 982 616 1041 R.
639 983 826 1042 retinuimus.
884 977 996 1044 Orines
1024 997 1135 1060 capere
1163 987 1292 1062 appetet
1322 983 1384 1040 eius

262 1107 336 1159 esse,
360 1105 425 1164 quie
449 1085 617 1144 meretricie
639 1085 761 1144 licentis
783 1085 921 1164 deposita
942 1088 1029 1145 unius
1052 1107 1083 1145 se
1103 1086 1298 1148 concubinam
1321 1084 1384 1142 fore

260 1191 431 1267 promittet;
466 1190 562 1248 crines
591 1193 690 1246 eutem
712 1195 781 1246 sunt
803 1189 904 1267 capilli
927 1195 1008 1248 certo
1032 1190 1120 1248 modo
1139 1193 1270 1267 compti,
1303 1187 1386 1246 velut

260 1291 368 1350 Festus
391 1311 420 1368 p.
435 1293 494 1350 339
522 1291 618 1364 ,senis
641 1287 790 1348 crinibue“
816 1293 859 1350 eit
884 1291 1047 1364 ,nubentes
1069 1289 1247 1352 ornentur“.
1280 1290 1385 1348 Crines

260 1399 471 1466 matronarum,
494 1412 552 1452 non
569 1395 760 1452 meretricum
783 1413 847 1452 esse
871 1413 906 1451 ex
929 1395 975 1454 his
999 1397 1071 1455 locis
1094 1396 1286 1470 intelligitur,
1311 1412 1386 1469 quos

260 1497 381 1574 collegit
403 1495 528 1554 Lorenz.
552 1498 583 1554 in
606 1515 730 1553 excursu
751 1517 782 1573 p.
808 1498 867 1556 229
892 1497 1032 1574 sq.,h1il.
1057 1501 1116 1557 791
1147 1519 1192 1577 sq.
1253 1495 1385 1570 „Metro-

261 1619 366 1661 neruru
389 1599 478 1658 modo
497 1598 602 1676 Capite
625 1602 742 1674 compto
759 1600 849 1658 crinis
866 1601 1019 1676 uittasque
1036 1599 1147 1660 hubeet
1166 1599 1385 1675 adsimuletque

261 1723 292 1760 se
315 1703 408 1760 Tuum
431 1721 494 1759 esse
517 1699 670 1760 uxorem“.
704 1701 802 1760 Tibul.
815 1701 837 1774 I,
857 1705 884 1774 6,
904 1704 960 1760 67:
988 1703 1052 1775 ,sit
1074 1703 1163 1763 modo
1185 1709 1279 1774 mete,
1302 1701 1384 1772 doce,

260 1807 395 1883 quemvis
417 1825 477 1862 non
494 1805 570 1862 vitta
588 1803 694 1880 ligatos
713 1805 858 1884 impediet
875 1807 970 1864 crines
988 1825 1041 1864 neo
1059 1806 1136 1864 stole
1152 1807 1245 1883 longo
1261 1800 1382 1882 pedes“.

261 1906 579 1978 Ovid.exP0nt.111,
606 1909 633 1978 3,
658 1909 706 1966 bl.
753 1907 841 1986 Prop.
860 1907 908 1981 IV,
935 1909 982 1980 11,
1007 1910 1070 1970 332,
1097 1909 1167 1982 ,nbi
1189 1913 1249 1968 ium
1272 1906 1386 1966 fecibus

261 2013 350 2068 cessit
372 2016 518 2088 pretextu
539 2012 655 2068 meritis
679 2009 781 2070 vinxit
808 2016 839 2070 et
865 2017 1002 2089 ecceptes
1032 2011 1128 2070 ultore
1155 2015 1233 2070 vitta
1255 2005 1384 2068 oomus“.

260 2113 436 2172 Meretrioes
464 2112 587 2190 oepillos
616 2115 762 2190 virginum
791 2133 875 2172 more
902 2113 1024 2172 liberius
1052 2113 1180 2172 fluentes
1208 2113 1384 2191 portabunt3

261 2217 392 2292 virgines
415 2221 526 2288 cutem,
545 2216 597 2274 ubi
621 2216 782 2288 nubebant,
806 2237 855 2274 eos
878 2217 965 2274 aliter
987 2215 1121 2292 ligabunt
1142 2223 1174 2275 et
1195 2215 1383 2284 ordinabunt,

263 2295 345 2394 qubd
366 2337 419 2376 sue
441 2320 577 2377 oratione
601 2326 632 2377 et
655 2319 693 2376 ed
715 2338 775 2377 sure
793 2321 890 2378 stetis
907 2337 1016 2378 morem
1035 2319 1239 2378 Tertullianus
1263 2337 1384 2376 comme-

264 2425 372 2492 moret,
407 2419 445 2477 de
477 2420 641 2497 virginibus
675 2421 810 2480 velandis
843 2423 896 2481 12:
934 2421 997 2495 ,be
1025 2428 1134 2480 nostre
1162 2424 1253 2480 etiem
1281 2419 1382 2479 habitu

263 2523 459 2582 mutationem
477 2526 575 2582 aetutis
588 2522 774 2597 confitentur,
793 2525 938 2601 simulque
956 2545 988 2584 se
1005 2525 1144 2584 mulieres
1160 2524 1382 2593 intellexerunt,

264 2625 301 2684 de
322 2626 487 2702 virginibus
515 2625 681 2685 educuntur
703 2647 721 2684 u
744 2629 839 2703 cupite
867 2629 987 2704 quidem
1012 2630 1076 2704 ipso
1098 2627 1283 2704 deponentes
1306 2623 1382 2702 quod

264 2729 397 2800 fuerunt3
422 2733 543 2786 vertunt
565 2729 703 2804 capillum
726 2735 756 2788 et
778 2751 833 2788 acu
855 2731 1011 2790 lesciviore
1034 2749 1145 2788 comem
1169 2729 1228 2788 sibi
1251 2731 1382 2788 inserunt
1458 2733 1459 2761 l

265 2832 396 2890 crinibus
427 2853 444 2890 u
470 2831 569 2888 fronte
598 2830 703 2893 divisis
737 2839 872 2909 opertum
904 2835 1058 2911 professis·
1078 2827 1322 2892 mulieritateffl.
1344 2859 1383 2869 -

266 2935 336 2992 222.
371 2929 458 3009 exin,
493 2935 549 3007 ite,
584 2934 621 2992 ef.
658 2934 746 3011 Epid.
782 2939 830 2995 50.
898 2935 1005 2995 Pseud.
1041 2937 1115 2994 684:
1171 2933 1320 3012 „proinde
1351 2939 1381 2990 ut

265 3039 390 3114 quisque
427 3037 548 3096 fortune
586 3039 695 3110 utitur,
730 3037 777 3096 Ite
809 3039 971 3116 praecellet
1004 3043 1094 3114 utque
1133 3038 1242 3096 exinde
1283 3055 1382 3115 supere

265 3159 331 3196 enm
354 3159 454 3196 omnes
476 3135 632 3198 dicimus“.
658 3169 695 3180 -
721 3142 792 3199 224.
819 3141 1028 3213 ,uendundum
1047 3136 1111 3200 ost“
1130 3141 1221 3212 Cum,
1244 3136 1380 3200 widun·

267 3237 343 3300 duel
374 3241 568 3316 Ritechelius‚
599 3244 637 3304 el.
693 3239 882 3320 siquidem,
905 3246 925 3302 i.
943 3263 967 3302 e.
992 3247 1081 3303 etiem
1106 3245 1146 3316 si,
1175 3262 1203 3302 v.
1233 3243 1273 3302 ed
1301 3244 1381 3302 Asin.
1456 3281 1457 3325 ,

267 3345 338 3403 316.
359 3373 402 3382 -
433 3347 503 3404 227.
531 3345 566 3403 In
589 3346 729 3405 lacunoso
751 3367 839 3404 versu
860 3362 908 3405 mo
930 3345 1048 3405 eddidit
1069 3345 1232 3419 Gruterus,
1267 3340 1381 3420 referre

267 3440 342 3506 bene
369 3444 500 3506 merenti
528 3468 564 3505 ex
591 3447 751 3507 Camerarii
773 3451 850 3508 ooni.
874 3449 1001 3523 Ritscb.;
1024 3451 1121 3507 minus
1141 3449 1244 3524 placet
1266 3448 1379 3507 Gruteri

268 3571 349 3625 „rem
371 3546 509 3608 ferenti“.
538 3579 580 3590 -
615 3553 675 3610 229
698 3557 880 3628 anapestum
907 3551 999 3611 hebet
1026 3555 1057 3612 in
1085 3557 1193 3627 quarto
1222 3551 1314 3630 pede,
1346 3551 1377 3607 ol.
1455 3553 1456 3607 i

267 3653 351 3712 Asin.
366 3655 436 3712 575.
471 3653 597 3712 Ritsch.:
625 3653 685 3726 „ut
706 3673 761 3728 ego
784 3654 958 3714 exheredem
981 3657 1054 3713 meis
1075 3655 1161 3713 bonis
1182 3673 1230 3713 me
1246 3646 1376 3714 iecium“.

266 3755 297 3814 si
320 3755 392 3833 quid
415 3755 599 3828 mutandum,
622 3757 732 3830 malim,
762 3763 879 3816 retento
902 3757 1006 3816 ordine
1028 3757 1138 3818 codicis
1161 3757 1195 3829 B,
1222 3763 1330 3834 „utque
1349 3759 1379 3813 ut
1454 3819 1455 3824 .

161 3873 164 3880 '
265 3858 339 3917 beeo
367 3859 408 3916 sit
434 3854 550 3918 heres“.
579 3888 620 3897 —
655 3860 725 3918 230.
756 3855 842 3934 Iam,
872 3860 970 3934 brevi,
1000 3857 1076 3934 itta,
1099 3859 1320 3919 Philolachetis.
1341 3885 1377 3897 -
1454 3829 1455 3889 1

266 3962 364 4032 estur,
388 3960 424 4019 cf.
448 3960 514 4020 hlil.
538 3963 587 4019 24.
629 3960 718 4019 Poen.
744 3963 819 4036 838,
843 3967 878 4020 ut
903 3959 1005 4036 ,eete“
1030 3984 1058 4023 r.
1082 3967 1137 4037 62,
1165 3958 1273 4035 ,estis“
1298 3961 1375 4020 Trnc.

268 4065 343 4135 311,
381 4059 448 4136 „es“
479 4063 543 4123 Ces.
573 4065 650 4136 228,
683 4059 782 4136 „esse“
814 4067 936 4143 sepius,
969 4065 1006 4124 of.
1035 4065 1113 4124 infre
1141 4067 1214 4124 941.
1242 4095 1286 4106 -
1312 4065 1375 4122 231.

266 4165 373 4226 Hiatus
395 4170 427 4224 in
450 4165 582 4240 dieresi3
605 4165 691 4225 Mun.
707 4163 801 4239 ,ium“
823 4168 916 4228 addit.
931 4197 969 4208 -
991 4171 1052 4227 232
1071 4187 1114 4246 rq.
1128 4187 1185 4227 em.
1197 4167 1328 4228 Botbius.
1340 4195 1375 4206 -

268 4269 338 4326 235.
372 4263 440 4329 Noe
467 4269 560 4343 recle,
585 4269 644 4328 vid.
669 4269 708 4327 ed
729 4272 812 4329 Asin.
839 4271 907 4330 154.
938 4301 980 4310 -
1008 4273 1165 4330 236—37.
1200 4271 1261 4329 Hos
1283 4289 1374 4328 versus
