2982 5012
243 343 284 402 24
760 335 852 392 Plauti
950 353 964 406 j
1113 361 1119 372 ·
1186 334 1379 404 quen-ae
1486 371 1487 374 =

241 525 312 594 Neo
337 527 418 592 sads
440 525 649 604 exaudibam,
671 545 733 592 neo
756 527 916 590 sermonis
938 523 1077 596 fallebar
1099 533 1220 606 tamen,
1327 544 1383 594 aro

247 633 339 712 Quas
362 633 585 720 loquerentur.

681 737 961 825 Periphanes.

632 848 670 914 Id
692 847 806 914 lubido
830 858 881 914 est
904 851 998 916 seire.
1073 889 1080 906 ·

707 973 907 1058 Epidicus
1272 1009 1275 1016 ι

952 1148 959 1164 ,
1037 1082 1088 1148 Ibi
1109 1082 1243 1147 illarum
1268 1083 1386 1148 altera

246 1191 335 1256 Dixit
358 1189 415 1270 illi,
439 1190 572 1274 quicum
593 1191 668 1274 ipsa
688 1190 760 1256 ibat
780 1225 823 1236 -
925 1280 927 1288 Α
989 1273 996 1292 ⁸

681 1319 934 1408 Periphanes

840 1429 947 1508 Quid?

710 1535 907 1620 Epidicus

470 1707 474 1714 ,
569 1721 571 1728 y
790 1653 794 1663 “
962 1643 1048 1712 Tace
1071 1665 1159 1728 ergo,
1183 1655 1222 1710 ut
1244 1647 1406 1720 audias.¹

247 1752 426 1835 Postquam
438 1751 536 1816 illam*
548 1757 626 1818 sunt
643 1752 864 1835 conspicatae,
883 1739 981 1836 quam
999 1755 1075 1817 tuus
1092 1761 1211 1836 gnatus
1229 1755 1382 1839 deperit:

249 1859 373 1938 „Quam
394 1858 491 1924 facile
515 1866 549 1924 et
572 1879 669 1943 quam
693 1857 861 1928 fortunate
885 1861 996 1926 euenit
1019 1859 1076 1940 illi,
1099 1861 1244 1940 obsecro,

247 1965 387 2046 Mulieri,
411 1987 508 2050 quam
527 1967 667 2034 liberare
686 1967 756 2032 uolt
775 1970 931 2060 amator.“
970 1968 1145 2047 „Quisnam
1163 1969 1192 2032 is
1211 1970 1305 2034 est?“
1329 1988 1387 2040 245

247 2074 359 2158 lnquit
380 2073 487 2140 alters
508 2075 567 2140 illi.
612 2075 663 2140 lbi
684 2075 745 2140 illa
766 2076 913 2140 nominat
936 2074 1201 2160 Stratippoclem,
1409 2083 1411 2087 ’

248 2182 443 2267 Periphanai
465 2182 577 2248 filium.
1110 2171 1113 2178 ⁴

682 2290 936 2376 Periphanes

627 2396 714 2464 Perii
735 2398 855 2478 hercle,
879 2399 960 2484 quid
983 2421 1042 2482 ego
1067 2405 1161 2464 exte
1184 2399 1310 2464 audio?
1386 2439 1398 2460 .

708 2529 909 2614 Epidicus

248 2637 333 2718 1100,
345 2637 435 2721 quod
452 2644 602 2702 actumst.
643 2637 781 2721 Egomet
799 2645 975 2722 postquam
993 2635 1026 2702 id
1043 2638 1116 2703 illas
1136 2637 1250 2702 audiui
1270 2639 1380 2722 loqui,

210 2743 212 2746 ’
249 2743 349 2829 Coepi
372 2767 504 2811 rursum
527 2766 659 2812 norsum
683 2746 725 2810 ad
749 2746 822 2810 illas
845 2744 1048 2828 pausillatim
1071 2745 1237 2826 accedere,

184 2927 186 2932 ,
250 2851 352 2929 Quasi
374 2852 544 2917 hominum
565 2853 752 2919 retruderet
774 2875 825 2918 me
848 2855 898 2918 uis
920 2839 1069 2919 inuitum.

685 2971 936 3057 Periphanes

1091 3093 1093 3098 '
1123 3059 1293 3164 Intellego.
1325 3101 1383 3154 250

713 3189 909 3272 Epidicus

179 3345 183 3353 .
226 3295 299 3360 ,Ibi
323 3295 380 3360 illa
398 3293 613 3378 interrogauit
631 3297 737 3362 illam:
766 3297 847 3376 „Qui
866 3296 949 3362 scis?
973 3295 1052 3374 Quis
1066 3295 1196 3360 iddixit
1212 3297 1318 3361 tibi‘l“
1334 3334 1382 3345 -

252 3402 355 3482 „Quia
383 3403 480 3468 hodie
509 3403 640 3470 adlatae
663 3406 806 3471 tabellae
829 3411 906 3470 sunt
929 3403 971 3467 ad
995 3425 1066 3468 eam
1091 3425 1111 3468 a
1134 3401 1380 3488 Stratippocle:

249 3516 428 3594 Argentum
450 3515 625 3596 sumpsisse
648 3513 736 3597 apud
759 3512 887 3578 Thebas
911 3512 953 3576 ab
977 3512 1108 3578 danista
1130 3511 1260 3590 fenore3

250 3617 288 3684 ld
308 3626 474 3702 paratum,
499 3629 533 3686 et
556 3642 627 3686 sese
650 3621 692 3687 ob
716 3643 789 3686 eam
811 3642 880 3685 rem
902 3621 936 3684 id
959 3619 1073 3685 ferre.·“
1313 3603 1316 3608 Α

318 3791 370 3843 240
387 3790 572 3844 exaudiebsm
589 3790 617 3844 A
686 3792 737 3844 242
755 3791 808 3844 ibit
825 3789 852 3843 B
919 3792 971 3842 245
991 3789 1108 3843 liberare
1127 3805 1209 3857 quam
1228 3789 1255 3842 B
1324 3793 1379 3844 246

249 3875 298 3928 illa
316 3865 374 3930 om(
385 3875 421 3943 B,
439 3875 479 3928 illi
497 3876 524 3929 A
652 3875 891 3944 Strathippoclern
909 3875 950 3940 A,
984 3873 1185 3942 Stratippoden
1202 3873 1230 3926 B
1243 3875 1379 3941 proximo

249 3977 337 4016 amau.
407 3963 459 4014 247
476 3959 600 4016 Perilani
616 3961 658 4029 A,
682 3960 838 4030 periphane
856 3959 883 4014 B
956 3959 1020 4014 Peri
1037 3960 1064 4013 A
1135 3961 1186 4012 248
1208 3976 1263 4026 quo
1282 3967 1378 4014 aetum

251 4051 363 4116 egomet
379 4053 446 4116 post
468 4046 506 4100 ibi
529 4047 593 4100 iflas
610 4047 638 4101 B
764 4049 814 4100 249
841 4045 1037 4114 pauxillatim·
1142 4045 1194 4098 250
1219 4044 1381 4099 retruderet

250 4132 394 4186 hominum
452 4133 500 4184 251
520 4131 614 4200 quiid
632 4132 659 4184 A
715 4130 874 4204 252οι1111.
927 4137 992 4184 sunt
1010 4130 1123 4184 tabellae
1142 4130 1379 4196 B,suntons.11

321 4216 530 4285 Strathippocle
548 4217 584 4283 A,
606 4216 794 4286 Stratippocle
813 4235 878 4271 eum
895 4216 922 4270 B
