2982 5012
301 361 356 418 lea
771 356 933 410 cimiteria

296 555 391 606 torem
415 549 533 625 placare
555 553 653 627 cupit,
686 549 738 608 sed
768 571 826 608 una
855 551 992 628 placandi
1018 553 1093 609 ratio
1117 555 1179 621 est,
1209 555 1244 610 ut
1266 551 1399 610 Selenium
1462 523 1464 648 l

294 653 437 710 remittat.
485 652 547 710 tloc
569 673 661 730 quum
683 653 768 724 nolit,
792 663 892 712 lamen
911 656 1029 730 quidvis
1048 653 1219 732 patiendum
1240 655 1268 710 ei
1286 652 1399 722 videtur,
1463 721 1464 728 ἵ

294 774 331 812 ne
364 756 483 814 innam
515 756 595 813 l'crro
626 762 781 834 grassetur
813 762 843 814 et
877 757 1006 834 puellam
1040 755 1211 816 interficiat.
1278 756 1399 814 Mueller.

293 857 418 916 Proaod.
442 878 469 933 p.
494 860 533 917 38
557 860 666 916 iniuria
688 863 781 916 mium
804 861 900 918 locum
923 881 940 918 a
964 861 1070 919 Plauto
1093 858 1253 918 abiudicet
1277 890 1320 900 -
1341 861 1400 918 354,

293 957 348 1019 ubi
369 957 476 1020 odium
498 957 647 1036 occeperit
654 986 661 1034 ;
689 983 755 1020 nam
785 982 846 1039 pree
868 983 945 1022 nove
967 969 1061 1039 nupta
1082 969 1202 1020 veretur
1226 983 1262 1020 ue
1284 964 1399 1042 priorem

294 1065 393 1122 odisee
415 1066 553 1142 occipiat.
578 1097 618 1106 —
644 1067 714 1124 356.
739 1079 845 1122 amerus
867 1065 901 1133 B,
931 1065 1011 1144 qnod
1034 1085 1134 1123 rernm
1158 1065 1287 1134 videtur,
1310 1085 1400 1141 quam·

294 1170 339 1226 vie
362 1167 494 1226 offendat
516 1168 650 1244 dactylus
675 1165 890 1246 „persequar“.
936 1168 1079 1226 Fleckeis.
1095 1188 1150 1242 „ue
1168 1165 1284 1226 amens“
1304 1168 1400 1226 scribe

294 1270 356 1330 bat.
385 1299 427 1310 —
457 1273 527 1330 358.
562 1267 639 1330 Non
662 1265 746 1336 lieet,
781 1273 852 1330 olim
881 1271 1083 1337 emendatum.
1118 1291 1156 1330 sc.
1186 1287 1282 1343 agere,
1314 1271 1349 1328 ci.
1370 1269 1401 1326 ad

295 1373 359 1431 Mil.
373 1375 449 1432 222:
477 1394 623 1452 „propere
645 1375 709 1447 hoc,
733 1395 792 1434 non
809 1375 926 1450 placide
946 1371 1060 1433 decat“.
1073 1405 1114 1416 —
1126 1366 1259 1449 padam
1280 1387 1400 1447 operum

295 1497 383 1553 quam
405 1478 573 1554 impendam
597 1479 627 1536 in
649 1477 795 1554 placando
824 1485 956 1536 amatore
986 1479 1028 1536 ita
1055 1483 1089 1535 ut
1115 1477 1245 1553 puellam
1268 1496 1324 1534 non
1346 1474 1399 1530 red·

295 1579 372 1638 dam.
417 1579 489 1637 Cama
513 1580 559 1638 his
582 1581 716 1639 versibus
740 1579 887 1658 Ladevrig.
912 1581 987 1640 Mus.
1011 1579 1104 1638 Rhea.
1128 1579 1171 1638 lll
1199 1601 1229 1658 p.
1254 1582 1309 1638 521
1333 1598 1399 1636 com·

295 1688 384 1758 parat
412 1681 570 1741 Menandri
602 1683 638 1740 fr.
669 1685 725 1742 inc.
756 1687 810 1742 68;
850 1687 893 1758 ἐμὲ
927 1683 952 1738 d’
983 1683 1105 1740 ἀδινείτω
1138 1684 1268 1748 πλούσιος
1299 1682 1340 1738 eei
1368 1682 1395 1754 pi

295 1789 471 1862 πένης’ῥᾷον
492 1789 582 1860 φέρειν
603 1787 658 1864 ydp
680 1789 835 1862 κρειττόνων
857 1789 1015 1862 τυραννίδα,
1039 1787 1091 1845 sed
1112 1786 1174 1844 haec
1197 1787 1256 1844 alio
1278 1791 1399 1862 spectare

295 1890 444 1948 videntur.
468 1917 509 1930 —
539 1892 609 1948 359.
640 1883 700 1948 huc
721 1883 879 1948 contendit
900 1890 987 1948 Both.
1038 1889 1270 1966 Lampadionem
1293 1907 1398 1945 curren·

294 1999 354 2050 tem
377 1992 468 2050 videt.
524 1991 603 2064 Quid
630 1993 706 2050 uelit
734 1995 867 2069 ignorat,
901 1993 953 2050 sed
980 2012 1090 2052 novum
1118 1993 1246 2069 aliquem
1275 1993 1397 2048 timorem

295 2095 410 2153 animus
432 2096 458 2152 ei
482 2097 631 2172 pracepit.

382 2199 464 2256 361.Ι
488 2197 617 2270 Senarii,
653 2198 705 2255 sed
733 2197 817 2256 codd.
841 2199 990 2275 longiores
1018 2217 1121 2258 venna
1143 2199 1265 2256 iaciunt.
1308 2197 1396 2255 Diver-

294 2301 374 2359 bium
404 2301 538 2359 indicant
561 2300 619 2358 BE.
676 2301 840 2378 Lampadio
869 2321 972 2360 servus
1000 2307 1123 2360 matrem
1147 2299 1312 2377 Gymnasii,
1342 2315 1395 2374 qne

296 2403 366 2460 olim
390 2405 518 2480 puellam
543 2405 708 2479 expositam
731 2405 905 2476 sustulerat,
929 2407 1052 2465 invenit.
1097 2405 1261 2480 Negentem
1285 2409 1313 2459 et
1332 2400 1395 2458 omni

295 2509 408 2563 ratione
436 2507 538 2564 fallere
567 2513 724 2566 conantem
751 2506 872 2566 tandem
900 2511 1048 2588 promisso
1075 2507 1138 2565 vini
1167 2507 1248 2565 dolio
1278 2525 1310 2562 eo
1339 2523 1395 2580 per

296 2607 395 2680 duxit,
430 2615 463 2666 ut
490 2629 551 2666 rem
580 2610 735 2668 fateretur.
766 2639 808 2650 --
837 2611 908 2669 362.
942 2611 976 2669 at
997 2612 1115 2688 scripsi,
1150 2630 1217 2668 nam
1251 2605 1315 2682 ,ut“
1343 2625 1394 2664 cun

298 2717 390 2787 „quot
417 2708 531 2770 modis“
561 2733 665 2789 parum
700 2716 853 2786 congruit,
888 2733 942 2772 nec
976 2733 1065 2789 quum
1100 2711 1192 2770 multa
1225 2709 1394 2770 abundantia

295 2815 431 2891 exempla
453 2815 531 2891 apud
555 2815 693 2874 Plautum
717 2818 791 2889 aiut,
821 2816 888 2873 huic
916 2814 1012 2874 simile
1035 2816 1143 2874 invem.
1168 2845 1210 2854 -
1234 2815 1303 2872 363.
1325 2811 1395 2870 Exci·

296 2915 373 2974 disse
396 2937 495 2975 vocem
524 2921 637 2976 numeri
666 2917 839 2990 ostendunt;
874 2919 990 2994 antiqui
1013 2917 1080 2976 edd.
1107 2915 1188 2988 „Sibi
1213 2908 1392 2976 moderatur

294 3021 486 3094 scripserunt,
510 3040 564 3097 ego
588 3014 713 3096 linquae
735 3019 847 3078 addidi.
873 3051 910 3062 —
935 3013 1182 3078 ianammobilis
1204 3022 1300 3078 activa
1320 3015 1394 3089 sigui·

295 3121 432 3180 ficatione
454 3123 494 3194 (v.
517 3123 616 3182 Madv.
641 3123 691 3182 Gr.
717 3123 782 3182 Lat.
810 3125 867 3181 185
892 3144 958 3182 anu.
986 3118 1023 3200 l),
1053 3143 1117 3200 quea
1147 3123 1223 3181 nihil
1252 3135 1394 3181 memorare
1461 3111 1462 3126 ¹

296 3229 348 3282 ant
370 3243 493 3282 narrare
516 3227 602 3300 velit,
625 3227 745 3304 passiva
765 3227 796 3282 vi
819 3225 903 3284 Gurc.
928 3227 956 3298 8,
979 3226 1030 3283 nbi
1053 3224 1112 3285 vid.
1136 3255 1177 3266 -
1202 3227 1272 3284 364.
1295 3215 1394 3282 blorrdl·

297 3321 371 3398 tias,
400 3347 440 3385 so.
464 3327 593 3401 adhibui,
617 3347 756 3404 zeugma,
790 3329 826 3387 cl.
852 3329 926 3387 llud.
952 3329 1022 3386 206.
1055 3358 1096 3368 -
1131 3331 1201 3388 365.
1238 3315 1395 3386 admonitu

296 3421 448 3506 fabricas,
477 3430 496 3485 i.
521 3449 546 3486 e.
575 3431 706 3504 admovi,
741 3436 776 3489 ut
806 3452 822 3488 a
856 3431 1035 3508 quibusdam
1069 3437 1236 3490 correctum
1270 3435 1325 3500 eat;
1355 3421 1393 3482 sel

295 3531 369 3590 nihil
391 3531 491 3588 obstat
512 3535 668 3608 quominus
690 3534 815 3592 Plautus
838 3539 868 3591 et
891 3534 997 3593 Pseud.
1024 3535 1083 3593 385
1110 3535 1271 3612 „oppidum
1294 3531 1393 3591 admoe-

295 3631 376 3693 nire“
403 3635 513 3691 dixerit
535 3641 565 3691 et
586 3636 614 3693 h.
634 3637 655 3694 l.
675 3636 765 3711 illud;
789 3638 914 3694 alterum
935 3639 1150 3714 praepositioni,
1174 3637 1298 3695 alterum
1320 3630 1395 3692 verbo
1460 3663 1461 3670 κ

296 3738 443 3796 obiectum
468 3743 523 3796 est.
558 3767 599 3777 -
634 3741 703 3798 366.
739 3733 909 3813 mecauri,
933 3741 1059 3812 extorsi,
1083 3740 1119 3799 ol.
1143 3739 1212 3797 Ter.
1236 3739 1308 3798 Eun.
1333 3733 1394 3791 712:

298 3839 476 3915 „Possumne
500 3860 554 3917 ego
577 3839 664 3900 hodie
688 3848 776 3900 exte
800 3842 971 3919 exsculpere
994 3839 1139 3902 uerum?“

383 3947 453 4002 368.
481 3943 594 4002 Audita
620 3949 698 4004 servi
726 3963 799 4004 voce
822 3944 1021 4002 Phanostrata
1049 3966 1085 4003 ex
1113 3945 1228 4006 adibus
1250 3945 1308 4003 suis
1328 3957 1396 4012 egre·

297 4046 390 4120 ditur,
418 4052 452 4106 nt
475 4049 499 4104 ei
527 4048 599 4123 quid
628 4049 853 4124 investigaverit
880 4047 991 4104 audiat.
1015 4077 1057 4088 —
1087 4049 1156 4106 369.
1186 4041 1257 4105 Mei
1277 4039 1397 4118 Latapa-

296 4145 491 4226 (itacismi,
513 4169 541 4207 v.
564 4151 601 4207 ad
625 4149 732 4226 Amph.
760 4151 850 4208 1093.
901 4149 945 4208 De
968 4149 1151 4210 deminution
1173 4152 1298 4209 nominis
1318 4147 1398 4205 forms
1459 4139 1460 4158 ³

296 4271 325 4312 v.
348 4252 386 4312 ad
413 4251 510 4310 Casia.
535 4253 605 4311 69&
642 4281 679 4293 -
716 4253 786 4311 374.
821 4253 893 4311 Post
913 4250 1009 4327 pacto
1037 4253 1135 4312 hiatus
1164 4254 1194 4312 in
1222 4272 1336 4312 casura.
1367 4271 1399 4286 ³
