2982 5004
294 370 354 429 204
781 365 920 433 spuens.

295 561 435 632 sarmata,
465 579 524 636 quo
546 563 724 618 transiretur
746 561 783 618 sd
804 575 928 636 petrau,
952 581 978 620 v.
1003 561 1040 619 ad
1063 562 1144 620 Asin.
1170 565 1241 622 593.
1288 559 1409 620 Brandt.

294 665 324 720 in
341 663 447 722 Annal.
460 662 532 740 phil.
546 663 652 722 cxvss
670 658 791 738 (1878),
813 684 843 741 p.
859 667 917 722 385
936 669 1000 740 sqq.
1025 671 1193 741 corruptam
1218 672 1333 736 censet3
1362 663 1411 720 sed

296 765 375 842 quod
404 767 561 842 proposuit
593 762 751 840 „cirrum“,
780 769 894 824 etiamsi
922 767 1062 825 Latinum
1092 773 1182 838 esset,
1211 787 1318 844 param
1347 786 1411 824 oon·

294 869 384 938 venit,
403 889 457 926 nec
476 870 552 926 enim
568 868 697 926 colorum
717 869 835 926 nomina
852 869 899 928 hlc
918 870 1091 944 afferuntur,
1114 869 1165 928 sed
1183 869 1253 930 inda
1270 868 1411 927 derivata.

297 1001 337 1010 —
361 972 431 1028 235.
461 967 647 1044 socleramum,
671 969 780 1046 lepide,
811 973 894 1047 quasi
917 973 1085 1030 vestimenti
1113 993 1235 1044 nomen,
1267 971 1349 1048 quod
1371 975 1414 1028 est

298 1067 499 1146 Laconicam,
529 1093 587 1132 non
610 1072 780 1130 traductum
810 1074 904 1133 solum
928 1095 945 1132 a
967 1073 1089 1132 canibus
1111 1077 1166 1148 sit,
1189 1075 1241 1133 sed
1264 1076 1355 1132 etiam
1380 1075 1414 1130 iis

298 1181 440 1250 creptum.
496 1174 692 1234 Personarum
724 1178 842 1234 nomino
870 1179 899 1236 iu
921 1177 1006 1236 codd.
1029 1183 1197 1253 permutata
1226 1197 1298 1248 asse,
1329 1175 1414 1234 facile

298 1278 485 1352 intelligitur.
524 1275 686 1356 „adeptus“
703 1271 756 1354 (A)
770 1285 798 1334 et
814 1275 989 1358 ,adeptum“
1004 1273 1044 1355 (1)
1059 1280 1152 1336 errori
1164 1278 1244 1336 facili
1256 1276 1414 1347 debentur,

299 1383 344 1438 cui
375 1378 486 1438 frustra
519 1383 724 1458 patrocinatur
757 1380 915 1456 Kiassling.
945 1381 1020 1440 Mus.
1049 1379 1142 1440 Rhen.
1172 1379 1271 1438 XXIV
1296 1401 1328 1457 p.
1355 1381 1414 1438 120

299 1479 443 1539 scribens:
483 1481 590 1556 „fanis
613 1503 728 1560 qnoque
753 1484 841 1541 etiam
865 1483 1004 1560 adeptust
1032 1503 1155 1555 nomen,
1190 1503 1277 1560 quem
1304 1494 1415 1540 nocant

299 1583 505 1642 Laconicam“.
561 1585 609 1643 Ad
641 1587 818 1644 brevitatem
853 1587 991 1646 dictionis
1019 1587 1130 1646 vocant
1157 1581 1348 1644 Laconicam
1377 1585 1413 1642 cl.

177 1693 181 1704 '
298 1685 398 1745 Madv.
429 1687 551 1746 Emend.
582 1687 645 1747 Lis.
673 1709 703 1765 p.
729 1691 798 1746 367.
827 1717 870 1728 -—
905 1692 973 1748 236.
1009 1683 1095 1748 Haec
1121 1683 1287 1760 uocabulo,
1322 1691 1414 1746 sesti-

300 1795 399 1848 menta
432 1791 477 1848 his
505 1791 655 1850 vocabulis
684 1791 842 1868 appellata.
878 1821 919 1832 -
950 1788 1181 1864 occaecata,
1216 1794 1279 1849 iure
1313 1791 1413 1850 oredo.

299 1923 340 1932 -
370 1871 439 1950 237.
473 1894 508 1953 ul
530 1890 688 1968 occepisti,
724 1913 810 1970 quam
839 1899 1036 1954 narrationem
1063 1914 1090 1952 v.
1116 1895 1177 1952 222
1199 1895 1413 1971 interruperat.

303 1990 449 2070 Occepere
478 1999 534 2054 iam
562 1998 593 2055 in
623 1995 647 2054 B
676 1997 871 2056 emendatum.
901 2011 955 2040 -'
971 1998 1040 2056 238.
1076 1993 1158 2056 inter
1184 2012 1219 2056 se
1248 1995 1336 2056 Both.
1360 2017 1413 2054 ern.

300 2095 381 2157 inter
412 2114 481 2158 sese
514 2101 601 2158 etism
630 2103 665 2158 A.
700 2129 742 2140 -
773 2097 876 2160 solens
909 2101 951 2172 A,
983 2103 1002 2159 i.
1032 2121 1057 2158 e.
1086 2101 1238 2170 consulto,
1273 2099 1411 2177 prudens,

301 2202 336 2259 ol.
359 2203 440 2260 Asin.
467 2205 536 2261 555.
571 2202 637 2262 Ter.
662 2204 735 2262 Eun.
761 2206 809 2262 72.
834 2205 870 2263 al.
903 2235 938 2244 -
971 2207 1040 2262 239.
1075 2217 1183 2262 earum
1203 2203 1239 2258 Δ.
1271 2231 1315 2241 -
1344 2203 1411 2260 240.

301 2302 455 2363 sermonis
476 2299 618 2384 falletur,
642 2307 677 2365 cf.
697 2306 733 2365 ad
745 2308 851 2383 Amph.
866 2309 935 2366 665.
955 2335 996 2346 -
1016 2308 1085 2365 241.
1113 2301 1197 2381 Quae
1217 2299 1413 2380 loqumalor

303 2427 361 2483 quc
386 2411 481 2466 minus
504 2409 541 2468 ab
570 2405 754 2470 exauditam
782 2409 945 2487 pendeant,
979 2429 1038 2468 non
1066 2408 1234 2485 impediunt
1262 2411 1412 2466 interiecta
1465 2399 1466 2456 l

302 2510 392 2568 verbs
405 2507 492 2582 (,nec
507 2557 527 2570 ..
539 2557 545 2570 .
558 2507 726 2586 fallebsr“).
761 2513 816 2570 Est
828 2514 1007 2572 constructio
1019 2531 1084 2588 quae
1096 2512 1141 2568 aa
1151 2513 1236 2584 μέσου
1248 2509 1370 2570 dicitur.
1378 2539 1412 2547 —

305 2615 374 2672 24l.
399 2607 461 2686 Ibi,
485 2614 520 2674 of.
539 2615 576 2672 ad
593 2614 675 2674 Asin.
697 2619 766 2676 502.
785 2645 827 2656 --
844 2618 915 2676 242.
940 2611 1003 2676 ibat
1024 2617 1082 2672 iam
1106 2617 1136 2672 in
1157 2613 1179 2672 B
1202 2633 1257 2671 em.
1279 2643 1316 2652 -
1336 2627 1411 2713 eppo,

304 2717 339 2773 cl.
365 2715 401 2772 ad
424 2716 495 2774 476.
518 2747 560 2756 -
584 2719 655 2776 244.
679 2718 785 2776 Hiatus
808 2721 837 2776 in
861 2718 986 2777 ditaresi.
1032 2716 1143 2776 Ritsoh.
1162 2715 1217 2794 Op.
1240 2715 1270 2773 Π
1292 2737 1323 2794 p.
1343 2717 1410 2774 250:

308 2825 353 2884 ,te
370 2815 519 2891 obsecro“,
533 2819 650 2878 Mulier.
664 2821 747 2878 Pros.
765 2843 794 2897 p.
810 2823 883 2880 577:
910 2817 1020 2894 „illic“.
1033 2849 1073 2858 v-
1083 2821 1153 2876 245.
1178 2833 1271 2895 quum
1289 2813 1413 2887 liberare

305 2921 339 2993 A,
364 2921 440 2979 unde
462 2942 566 2989 ,versus
589 2929 668 2980 reete
691 2923 825 3001 discripti
849 2927 926 2982 sunt.
945 2953 987 2962 -
1004 2923 1074 2980 247.
1099 2915 1291 2996 Paaplmaaa'
1308 2919 1410 2978 Bitsch.

306 3023 420 3096 l'roleg.
435 3025 514 3084 Trin.
527 3047 556 3102 p.
570 3024 746 3101 LXXXVII,
764 3027 801 3084 cf.
814 3028 872 3086 507
893 3030 924 3083 et
937 3027 1007 3084 633.
1020 3055 1061 3065 -
1081 3025 1151 3082 248.
1176 3019 1260 3100 quod
1276 3024 1336 3080 iam
1355 3021 1410 3079 inB

307 3127 502 3186 emendatum.
527 3157 569 3170 -
591 3131 691 3190 actam
715 3131 761 3189 eal
784 3135 814 3188 et
829 3129 997 3206 postquam
1020 3124 1055 3187 id
1074 3128 1108 3186 A.
1132 3155 1174 3166 --
1197 3127 1268 3184 249.
1292 3139 1411 3184 rursum
1464 3119 1465 3125 ’

307 3243 444 3302 norsum,
467 3237 639 3304 retrorsum,
662 3253 691 3292 v.
715 3232 821 3309 Amph.
846 3234 936 3291 1128.
961 3260 997 3270 -
1021 3224 1219 3304 pausillalim
1241 3229 1410 3304 glossarium

309 3331 486 3404 Plautinum,
510 3354 536 3392 v.
562 3335 611 3392 Bit
613 3335 672 3394 sch.
696 3336 750 3412 Op.
774 3335 812 3392 11.
836 3357 865 3413 p.
891 3337 1026 3395 250.-
1048 3335 1118 3391 250.
1142 3327 1301 3390 bantinum
1323 3331 1410 3389 retru-

309 3429 533 3508 ‹lerelMiiller.,
560 3439 645 3510 „mod
669 3435 835 3497 hominum“
859 3437 1031 3495 11115011-
1056 3437 1126 3492 251.
1154 3433 1228 3506 „Qui
1245 3430 1296 3492 id“
1320 3451 1410 3511 perse
1463 3469 1464 3472 =

309 3536 378 3592 ferri
406 3540 519 3613 potuit,
554 3559 580 3595 ν’.
608 3541 643 3598 ad
674 3542 779 3618 Amph.
807 3544 864 3600 127
896 3547 924 3598 et
954 3539 1044 3600 Cure.
1061 3538 1198 3596 274.-
1231 3539 1302 3596 252.
1340 3499 1464 3612 erici

310 3637 395 3696 Both.
420 3659 474 3697 em.
503 3641 696 3712 -Quod'
688 3665 717 3701 in
749 3643 812 3704 cod.
838 3643 860 3702 B
890 3649 1019 3702 extremo
1048 3641 1145 3700 tersui
1173 3638 1308 3712 additur,
1342 3653 1408 3706 curri,

309 3739 434 3814 Pylades
463 3745 493 3799 in
522 3749 689 3820 proximum
718 3767 833 3805 versum
856 3745 1020 3816 transtulit,
1050 3749 1080 3801 at
1103 3745 1143 3802 sic
1166 3742 1286 3814 (loeta,
1320 3761 1410 3800 rerum

310 3845 334 3899 si
356 3862 516 3918 pronomen
539 3845 776 3906 addendumt
732 3855 776 3906 est
784 3864 849 3920 ,se
871 3845 1075 3917 scribendum,
1098 3852 1176 3903 utv.
1196 3847 1328 3902 254.-
1350 3845 1408 3901 254.

311 3943 428 4004 Goctza
456 3947 772 4024 „itldporaumessee
784 3948 845 4008 se“.
858 3980 900 3990 -
919 3945 955 4008 ob
974 3964 1132 4020 eamrem,
1153 3946 1409 4007 nteamliberaret.
1462 3967 1463 3982 ¹

311 4075 351 4085 -
380 4040 467 4106 Certo
490 4049 710 4124 Kampmannus
732 4073 852 4112 em.-
879 4056 949 4112 255.
979 4052 1158 4128 corruptum
1181 4069 1298 4107 versum
1320 4049 1408 4107 Goetz.

313 4151 514 4227 Kampmanno
545 4150 617 4208 duce
646 4155 688 4210 sic
715 4157 776 4214 ed.:
813 4157 909 4230 „Haec
944 4159 984 4213 sic
1012 4155 1106 4213 aibat:
1140 4155 1182 4212 sio
1208 4152 1357 4235 audiuisse
1382 4171 1409 4209 ax
1462 4151 1463 4196 l

314 4271 399 4327 eapse
421 4259 510 4329 atque
534 4251 690 4332 epistula.“
743 4259 861 4317 Milller.
884 4259 968 4318 Pros.
991 4279 1021 4336 p.
1045 4256 1121 4317 603:
1158 4255 1257 4329 „Haec
1280 4256 1321 4313 aio
1343 4255 1409 4313 aibat
