2982 5012
119 387 187 456 Η,
198 389 288 442 3-17
575 372 578 390 '
617 385 761 456 Epidicus.

560 574 812 660 Periphanes

124 683 225 764 Tace;
250 685 323 749 sine
345 684 442 750 modo
462 704 515 748 me
536 683 699 749 hominem
723 685 835 769 apisci.

570 837 799 921 Apoecides
1209 899 1212 906 ,

693 941 697 952 “
723 945 804 1009 Dico
827 966 888 1028 ego
911 944 972 1010 tibi
994 945 1069 1026 iam,
1091 953 1129 1011 ut
1151 948 1245 1013 scias.

123 1053 232 1118 Alium
257 1053 319 1118 tibi
341 1059 375 1116 te
397 1051 511 1117 melius
530 1053 678 1116 comitem
699 1073 872 1135 quaerere;
894 1054 956 1133 ita,·
969 1053 1047 1118 dum
1065 1062 1098 1120 te
1117 1075 1246 1138 sequor,

123 1160 334 1226 Lassitudine
356 1161 689 1226 inuaseruntmisero
713 1162 746 1226 in
769 1181 875 1244 genua
897 1159 1037 1227 flemina.

561 1311 655 1377 Peri
691 1313 816 1379 hanes

121 1424 216 1503 Quot
236 1422 304 1486 illio
327 1420 424 1487 homo
447 1420 544 1486 hodie
566 1441 618 1484 me
641 1335 796 1504 eriemplis
818 1421 1023 1486 ludificatust
1045 1431 1144 1506 atque
1166 1426 1215 1489 te!

123 1532 171 1597 Ut
195 1530 263 1595 illic
287 1539 398 1594 autem
420 1529 626 1612 exenterauit
646 1530 726 1594 mihi
749 1551 828 1613 opes
852 1531 1071 1611 argentarias!
1198 1549 1250 1620 670

570 1682 598 1747 A
634 1681 803 1748 oecides

119 1797 236 1873 Apage
260 1789 352 1854 illum
370 1809 394 1854 a
417 1810 483 1869 me;
506 1811 582 1854 nam
604 1703 658 1854 iile
683 1791 814 1877 quidem
838 1788 974 1856 Uolcani
997 1791 1109 1856 iratist
1131 1791 1234 1872 filius;

120 1899 268 1980 Quaqua
290 1898 405 1979 tangit,
430 1917 524 1963 omne
547 1899 706 1978 amburit;
733 1899 762 1962 si
784 1899 903 1976 adstes,
927 1904 1021 1964 aestu
1045 1898 1204 1966 calefacit.

586 2051 614 2116 E
650 2052 786 2116 idicus

117 2159 308 2228 Duodecim
332 2159 365 2223 di
389 2165 422 2224 et
443 2159 518 2244 plus
542 2073 643 2242 quanli
662 2161 695 2223 in
719 2158 809 2224 caelo
828 2157 996 2223 deorumst
1012 2131 1246 2242 inmortalium,

116 2268 204 2334 Mihi
228 2285 316 2332 nunc
339 2265 461 2358 aqxilio
485 2266 653 2332 adiutores
678 2274 754 2333 sunt
777 2275 810 2331 et
832 2286 959 2331 mecum
982 2267 1133 2333 militant.

117 2375 293 2458 Quidquid
306 2395 365 2458 ego
378 2375 463 2439 male
483 2374 557 2452 feci,
576 2376 699 2440 auxilia
715 2375 796 2441 mihi
813 2381 847 2440 et
864 2375 1036 2458 suppetiae
1055 2387 1131 2442 sunt
1149 2379 1244 2442 domi.

114 2483 318 2570 Apolsctizo
341 2483 489 2562 inimicos
512 2485 626 2548 omnis.

216 2679 239 2728 0
559 2643 818 2730 Periphanes

629 2753 694 2822 Ubi
715 2755 807 2820 illum
831 2776 988 2839 quaeram
1010 2757 1176 2840 gentium?
1194 2775 1246 2828 676

571 2921 800 3005 Apoecides
896 2941 907 2970 ·

112 3033 207 3095 Dum
229 3029 299 3092 sine
318 3049 368 3093 me
387 3049 534 3114 quaeras,
553 3049 692 3112 quaeras
711 3049 784 3092 mea
803 3048 903 3093 causa
921 3027 975 3094 uel
986 3029 1094 3093 medio
1105 3029 1140 3094 in
1152 3031 1243 3094 mari.

586 3191 784 3277 Epidicus

112 3318 208 3397 Quid
246 3338 297 3382 me
330 3317 485 3400 quaeris?
524 3318 604 3401 quid
636 3317 794 3383 laboras?
835 3316 915 3400 quid
948 3316 1035 3382 hunc
1068 3317 1245 3382 sollicitas?

888 3424 973 3489 Eece
995 3425 1060 3490 me!

112 3535 208 3600 Num
231 3541 263 3596 te
287 3531 376 3614 fugi?
405 3554 481 3597 num
510 3532 551 3598 ab
582 3533 677 3599 domo
707 3532 844 3598 absum?
872 3553 949 3596 num
974 3531 1077 3598 oeulis
1100 3534 1243 3598 concessi

889 3641 1016 3706 otuist

111 3750 237 3832 Neque
262 3797 492 3812 ........
1194 3765 1245 3818 680

197 4003 248 4056 666
271 3999 346 4055 Tace
364 4002 401 4055 sis
418 4003 504 4056 modo
529 4003 589 4056 sine
693 4003 744 4056 667
769 4007 798 4056 te
819 4002 917 4056 melius
940 4001 1071 4056 comitem
1095 4007 1123 4055 te
1144 4000 1244 4054 melius
1306 4009 1310 4015 ·

111 4091 170 4145 668
181 4086 400 4154 ,Lassitudinem
417 4085 445 4140 B
554 4090 605 4142 669
623 4086 703 4154 Quod
720 4087 761 4140 ilii
778 4086 862 4143 hodie
880 4086 908 4141 B
1018 4087 1070 4141 677
1088 4085 1111 4139 si
1128 4085 1244 4154 propius

110 4179 223 4232 asmata
242 4191 273 4228 es
294 4178 325 4225 tu
403 4173 454 4226 676
473 4172 532 4226 deis
549 4173 613 4242 plus
690 4171 742 4226 674
759 4173 853 4227 auxilo
922 4174 972 4226 677
992 4187 1102 4241 qnoeras
1120 4171 1202 4225 semel
1217 4169 1244 4224 B

185 4261 231 4314 uel
251 4274 307 4313 om.
328 4256 356 4308 A
424 4259 475 4312 678
494 4274 602 4326 quaeras
672 4259 722 4311 679
741 4275 757 4311 a
775 4273 825 4312 om.
896 4259 947 4311 686
964 4271 1014 4312 om.
1033 4257 1061 4310 B
