2982 5012
783 360 875 416 Plauti
1211 363 1244 430 11,
1254 365 1275 424 2,
1284 361 1376 416 21-29

728 551 928 635 Epidicus

558 658 642 736 Quia
665 679 724 742 ego
745 661 793 724 ire
817 659 886 724 uidi
908 659 1028 728 milites
1051 663 1156 746 plenis
1178 660 1248 729 uiis.

185 853 191 864 ι
269 767 368 830 Arma
390 765 536 832 referunt
558 773 592 831 et
614 768 760 832 iumenta
783 767 916 834 ducunt.

703 897 792 964 Peri
804 900 955 983 phanes

944 1007 1047 1074 Nimis
1069 1009 1198 1074 factum'
1216 1009 1300 1073 hene.
1327 1021 1375 1074 210

729 1115 927 1198 Epidicus
1129 1120 1137 1130 ’

266 1221 349 1286 Tum
372 1223 579 1304 captiuorum
602 1223 680 1306 quid
704 1223 827 1288 ducunt
851 1225 976 1290 secum!
1001 1245 1129 1308 pueros,
1154 1227 1301 1306 uirgines,

268 1330 377 1406 Binoa
401 1337 512 1396 ternos
535 1352 619 1396 nnus
642 1329 797 1415 quisque
820 1332 857 1396 fic
879 1353 1057 1399 concursus
1081 1354 1141 1416 per
1164 1337 1249 1412 nias;

265 1437 368 1502 ‘Filios
390 1459 467 1504 suos
490 1439 627 1522 quis'que
650 1442 769 1504 uisunt.

586 1598 589 1614 ·
702 1569 954 1653 Periphanes

736 1736 741 1747 .
814 1679 931 1744 Hercle
955 1701 1023 1745 rem
1046 1687 1170 1761 gestam
1195 1680 1288 1744 bene!

729 1809 926 1892 Epidicus

268 1915 350 1980 Tum
361 1917 569 1982 meretricum
581 1937 735 1982 numerus
748 1924 870 1997 tantus,
890 1926 1047 2002 quantum
1066 1921 1098 1982 in
1117 1917 1198 1984 urbe
1215 1919 1297 1983 omni
1309 1915 1370 1984 fuit

268 2024 408 2089 Obuiam
420 2031 556 2090 ornatae
568 2025 787 2090 occurrebant
804 2027 872 2090 suis
891 2047 1041 2110 quaeque
1052 2027 1098 2090 ihi
1109 2027 1312 2091 amatoribus.
1329 2038 1370 2088 215

195 2107 205 2130 ⁸
267 2131 333 2197 Eos
356 2133 544 2215 captabant.
584 2132 622 2198 Id
644 2133 726 2196 adeo
750 2135 806 2215 qui
830 2156 980 2200 maxume
1005 2137 1147 2210 animum
1165 2128 1369 2200 aduerterim?

265 2238 447 2322 Pleraeque
470 2261 528 2305 eae
552 2241 611 2306 auh
634 2243 840 2307 uestimentis
865 2263 975 2308 secum
998 2243 1166 2308 habehant
1187 2243 1278 2307 retia.
1338 2311 1343 2320 ,

267 2345 372 2422 Quom
384 2348 427 2414 ad
438 2356 568 2432 portam
579 2350 792 2434 uenio,atque
806 2370 865 2432 ego
877 2351 969 2416 illam
980 2351 1027 2415 illi
1036 2351 1133 2417 uideo
1145 2348 1368 2435 praestolarier,

267 2455 405 2521 Etcum
429 2477 468 2521 ea
491 2457 646 2522 tibicinae
668 2457 762 2524 ibant
785 2467 951 2542 quattuor.

704 2589 959 2673 Periphanes
1101 2665 1105 2672 ¹

936 2749 939 2756 .
1010 2697 1158 2785 Quicum,
1182 2695 1328 2782 Epidico?

730 2805 927 2889 Epidicus

268 2909 348 2976 Cum
360 2912 427 2990 illa,
439 2933 538 2996 quarn
550 2919 627 2978 tuus
639 2920 757 2996 gnatus
769 2934 872 2978 annos
884 2913 1004 2978 multos
1022 2899 1163 2992 deamat,
1183 2913 1311 2995 deperit,
1329 2923 1370 2976 att

266 3019 330 3084 Ubi
352 3019 515 3104 fidemque
538 3042 672 3105 remque
695 3043 794 3104 seque
817 3029 916 3106 teque
940 3029 1095 3106 properat
1117 3021 1262 3105 perdere.

266 3127 315 3192 Ee
336 3127 604 3212 praestolabatur
626 3130 718 3195 illum
741 3130 828 3213 apud
854 3137 992 3214 portam.

701 3255 952 3340 Periphanes

1014 3361 1121 3428 Uiden
1144 3360 1335 3428 ueneficam?

728 3471 754 3536 E
790 3471 926 3537 idicus

268 3576 332 3643 Sed
350 3580 482 3659 uestita,
505 3584 632 3658 aurata,
651 3495 823 3644 ornataput
839 3580 963 3664 lepide!
988 3585 1025 3658 ut'
1040 3582 1212 3645 concinne!
1237 3589 1270 3643 ut
1287 3571 1368 3642 noue!

509 3691 510 3695 ’
700 3687 950 3770 Periphanes

266 3793 353 3870 Quid
375 3802 448 3860 erat
469 3795 608 3860 induta?
631 3817 673 3860 an
696 3795 845 3878 regillam
868 3796 1058 3861 induculam
1081 3817 1124 3860 an
1147 3785 1369 3860 mendicnlam?

334 3989 384 4040 212
403 3986 474 4039 alius
492 3987 611 4055 quisque
670 3989 721 4040 215
741 3987 906 4042 occurrebat
968 3989 1007 4041 ibi
1027 4002 1076 4042 om.
1147 3988 1263 4041 alo-17
1280 3979 1369 4038 duohti

206 4091 208 4098 ·
264 4072 388 4128 nereidae
405 4073 433 4126 Β
489 4074 540 4126 216
558 4069 811 4127 animaduerterint'
829 4075 855 4126 A
912 4075 963 4126 218
981 4077 1093 4142 portum
1111 4073 1139 4126 Β
1193 4073 1242 4124 220
1259 4059 1369 4136 qnomB

264 4139 413 4212 deamebat
429 4157 457 4210 Β
566 4159 614 4211 221
641 4155 724 4214 fidem
749 4175 881 4227 quaeram
900 4175 970 4228 quae
988 4157 1015 4210 A
1112 4145 1163 4211 222
1190 4143 1367 4212 beneficamd

159 4265 163 4275 ·
264 4245 315 4298 223
333 4247 497 4299 ornamenta
514 4243 542 4298 Β
