2982 5004
556 411 767 482 Artumentem.
1155 421 1217 482 247
1327 415 1329 422 ⁴

95 609 220 681 stultns,
249 607 383 685 quamvis
405 609 478 668 iuris
507 607 621 685 peritus
649 606 793 668 habeatur
818 605 903 683 (283.
928 605 1020 682 522),
1042 601 1216 684 Apoecides

96 709 226 782 dicitur,
251 711 337 788 quasi
358 730 395 782 ex
417 728 452 768 eo
473 727 590 784 genere,
613 712 675 788 qni,
698 730 789 787 quum
805 709 929 802 ⁸domurn
952 731 1035 770 suam
1056 713 1136 796 tueri
1157 731 1217 771 nnn

95 814 269 890 potuerint,
292 829 417 891 peregre
440 815 567 888 migrare
589 813 683 872 coacti
704 814 773 872 sint.

535 1139 792 1206 Argumentum

534 1273 788 1332 acrostichon.

184 1429 215 1487 2.
238 1421 336 1488 eiiam
358 1423 413 1503 qni
433 1427 559 1504 Pylades
581 1446 654 1499 em.;
678 1425 772 1505 Gepp.
795 1429 863 1503 „qui
881 1423 1006 1505 aeqne“,
1024 1427 1125 1488 Gesta.
1147 1431 1218 1508 „qni

55 1598 58 1604 Ι
97 1525 220 1588 aliam“.
255 1529 362 1590 Hiatus
381 1530 413 1588 in
431 1549 542 1590 casura
559 1529 645 1590 facile
662 1530 805 1604 ferretum
823 1530 874 1588 sed
892 1529 1056 1590 subiectum
1073 1535 1215 1606 variatur,

95 1635 142 1704 ut,
173 1631 199 1690 si
226 1631 382 1691 retinueris
410 1632 511 1710 eique,
540 1636 592 1691 ant
623 1629 684 1705 ,is“
717 1635 770 1690 aut
794 1629 880 1707 „ille“
911 1631 1077 1714 addendum
1104 1635 1152 1694 sit.
1177 1665 1214 1676 -

97 1723 325 1798 conductores
353 1734 480 1811 Pylades
509 1755 564 1794 em.
593 1764 635 1773 —
667 1737 694 1795 3.
728 1729 806 1810 filie,
840 1733 922 1813 quod
948 1753 1052 1802 sensus
1079 1739 1216 1814 requirit,

96 1841 180 1895 recte
203 1835 344 1896 Goetsins
366 1842 471 1896 tuctur
491 1836 577 1897 Anal.
600 1836 731 1896 Plautia.
754 1857 784 1914 p.
809 1837 858 1910 82,
881 1855 936 1894 nec
958 1838 1035 1898 enim
1057 1844 1111 1912 est,
1135 1839 1217 1915 qnod

96 1921 254 1998 credamne
282 1941 449 2016 argumenti
478 1941 653 2017 scriptorem
683 1959 700 1997 a
727 1939 882 2015 trisyllaba
909 1938 1005 1998 forma
1026 1939 1215 2002 abstinuisse.

96 2041 197 2116 vulgo
224 2039 294 2100 inde
323 2062 342 2100 a
368 2041 481 2102 Oamer.
508 2039 605 2116 ,filie“
637 2041 736 2100 editur
763 2059 828 2100 eum
857 2041 1047 2118 sequentibus
1074 2044 1216 2120 iunctum,

97 2143 152 2202 sed
186 2139 259 2204 erili
287 2145 350 2204 sine
378 2144 566 2204 substantive
595 2148 694 2203 exstet
721 2144 811 2202 etiarn
841 2143 948 2204 Pseud.
969 2144 1041 2221 Arg.
1063 2145 1091 2218 1,
1124 2148 1152 2204 6.
1175 2177 1216 2186 -

98 2248 128 2305 4.
154 2242 301 2319 druhtui,
323 2247 479 2320 emit„cfr.
502 2245 582 2305 inira
605 2247 676 2306 486.
702 2247 740 2306 al.
763 2276 804 2285 —
829 2249 857 2306 5.
885 2240 966 2308 Moe
988 2246 1055 2306 add.
1079 2247 1215 2326 Pylades.

97 2379 143 2390 —
165 2350 193 2408 7.
226 2349 305 2418 Ante
331 2343 405 2410 haec
430 2349 529 2410 hiatus
558 2349 590 2406 in
617 2367 742 2424 cesura3
769 2349 888 2408 Miiller.
914 2344 994 2438 ,ita“
1019 2349 1112 2424 addit,
1137 2351 1217 2429 qnod

97 2472 170 2512 saue
192 2453 300 2530 placet.
324 2517 327 2524 ,
345 2451 440 2530 Vulgo
462 2472 528 2510 cum
551 2451 664 2511 Camer.
691 2447 927 2530 ,quaeritabat“.

383 2728 388 2735 ’
516 2741 641 2819 Ipsius
662 2741 800 2803 iabnlae

97 2866 200 2924 Prima
226 2883 313 2926 scena
341 2861 518 2939 Thesprioni
548 2859 754 2940 Stratippoclis
787 2883 873 2924 serso
908 2883 944 2922 ex
971 2861 1050 2921 belle
1079 2862 1214 2922 redeunti

97 2969 232 3029 occurrit
242 2963 385 3043 Epidicus
402 2964 478 3022 alter
495 2983 597 3024 servus
614 2971 883 3044 properantemqne
901 2963 1110 3025 confabulandi
1127 2985 1215 3025 causa

96 3071 229 3130 resecat.
284 3065 439 3126 Canticum
461 3065 678 3126 vividissimum
706 3069 816 3145 partim
845 3065 1003 3128 trochaicis
1036 3069 1214 3146 septenariis

96 3173 208 3254 partim
238 3169 371 3230 iambicis
399 3169 559 3246 octonariis
586 3175 723 3229 moretur
749 3169 934 3247 interpositis
961 3169 1049 3228 etiam
1076 3169 1125 3228 hic
1152 3171 1214 3230 illic

97 3276 235 3335 dimetria
260 3270 419 3331 trochaicis
449 3269 647 3346 catalecticis,
681 3291 755 3350 qnos
777 3271 802 3330 B
824 3269 909 3331 binos
931 3272 962 3330 in
984 3291 1074 3350 unum
1097 3291 1214 3334 versum

95 3377 202 3452 iungit,
225 3374 252 3433 Δ
274 3374 408 3449 singrdos
429 3377 538 3433 servat.
582 3374 647 3433 Hoc
669 3375 732 3434 eius
755 3373 873 3433 schema
894 3378 954 3434 est:
981 3375 1061 3432 1-2
1084 3378 1122 3434 tr.
1146 3395 1213 3453 sep·

96 3478 214 3553 tonarii,
240 3480 321 3537 3—e
344 3481 382 3538 tr.
406 3476 525 3534 dimetri
547 3480 615 3549 cat,
647 3479 729 3536 7-8
752 3475 842 3538 iamb.
866 3476 1022 3550 octonarii,
1057 3479 1074 3535 9
1098 3478 1211 3552 similis,

96 3582 122 3641 ai
153 3576 340 3657 „Engepae“'
359 3579 515 3654 scribitnr3
543 3580 569 3638 si
597 3597 662 3638 eum
692 3578 778 3638 codd.
805 3575 938 3656 „Engs“,
967 3581 1153 3655 septenarius
1182 3581 1213 3638 in
1245 3573 1247 3578 ’

96 3704 187 3744 nuum
210 3686 340 3759 systema
360 3681 527 3756 iungendus
555 3700 621 3741 cum
647 3682 796 3760 proximo,
833 3683 886 3757 10,
916 3681 968 3758 qui
996 3679 1091 3741 trech.
1114 3685 1211 3758 septe-

97 3789 198 3848 narius
220 3790 276 3845 est.
330 3785 453 3845 11-12
476 3788 515 3844 tr.
539 3784 609 3844 dim.
633 3788 699 3858 cat,
726 3785 847 3844 13-19
871 3783 1014 3844 trochaici
1041 3785 1211 3861 septenarii,

98 3890 221 3950 20-23
245 3886 332 3946 iamb.
357 3888 517 3962 octonarii,
533 3957 538 3968 ὑ
552 3888 675 3974 251-25
705 3890 743 3947 tr.
766 3885 939 3965 septenarii,
975 3887 1098 3946 26-29
1122 3885 1210 3946 iamb.

97 3991 250 4065 octonarii,
276 3991 399 4050 30—37
419 3994 456 4050 tr.
469 3990 638 4066 septenarii,
663 3989 788 4049 38-44
805 3988 895 4050 iamb.
905 3989 1061 4062 octonarii,
1085 3989 1210 4048 45-46

97 4099 133 4154 tr.
146 4093 317 4172 septenarii,
341 4093 381 4152 50
398 4093 488 4153 iamb.
499 4092 679 4176 octonarius,
701 4093 823 4150 52-57
841 4095 879 4150 tr.
892 4091 1065 4168 septenarii,
1087 4093 1209 4150 58-59

96 4196 185 4256 iamh
213 4194 333 4255 dimetri
361 4199 435 4269 cet,
469 4192 592 4254 60-61
622 4193 712 4254 iamb.
742 4192 903 4267 octonarii,
938 4191 1061 4253 62-63
1093 4193 1212 4252 dimetri

97 4297 228 4374 iambici,
253 4298 301 4380 Ι64
337 4278 510 4375 corruptus,
545 4297 668 4358 65-66
702 4296 789 4357 iamb.
819 4297 978 4370 octonarii,
1014 4297 1137 4356 67-69
1171 4299 1209 4356 tr.
