2976 5018
597 343 630 398 V.
648 346 794 400 nee—em
1203 349 1264 411 143

131 536 169 596 ab
196 537 259 614 igni
287 534 492 611 edeudeeeit“,
520 539 604 598 aliud
632 543 686 597 551.
744 539 843 610 Quare
874 535 949 612 „ad“
980 559 1036 617 pru
1060 536 1094 600 al
1119 531 1289 617 seriptum'

130 639 278 713 arbitror,
307 641 387 717 qued
409 641 518 714 eaepine
541 645 573 698 et
595 639 667 699 alibi
690 641 773 699 etin
796 639 852 700 hou
873 641 973 700 codiee
996 636 1049 718 (Β)
1072 643 1183 702 lautum
1206 649 1264 716 551,

127 763 158 801 v.
181 741 267 800 Neue
296 739 449 801 Formeul.
472 741 502 800 11
529 762 560 820 p.
586 743 657 802 799.
714 741 774 800 Pro
809 739 964 816 „euderie“
1001 749 1100 802 eutem
1134 739 1266 804 sudabis

127 845 322 904 scribendum
344 849 398 903 eet.
444 845 541 904 Senex
563 846 629 903 iure
651 863 771 904 nervum
793 843 969 906 nudeturum
992 865 1057 906 5555
1075 845 1156 918 dicit,
1181 849 1265 907 cuiue

128 949 255 1007 fortuna
278 967 316 1005 ex
337 951 418 1006 eorte
440 965 586 1025 euepeuee
608 948 662 1020 eit,
696 945 853 1021 Chalinus,
884 949 936 1026 qui
964 947 1096 1008 nondum
1129 949 1265 1008 intellex-

129 1057 212 1122 erat,
242 1069 343 1110 eenem
365 1052 463 1128 iprum
486 1068 589 1109 amore
611 1055 731 1128 neptum
754 1069 835 1122 eree,
863 1069 924 1109 uun
951 1055 1062 1108 metum
1086 1051 1148 1110 eiue
1171 1052 1265 1128 555ρί-

127 1159 231 1227 entur,
253 1153 308 1211 eed
328 1151 567 1211 malevolentiam
590 1153 737 1229 queritur.
764 1183 802 1193 -
828 1153 899 1211 341.
928 1148 1100 1229 comprime,
1129 1151 1166 1211 cl.
1192 1155 1265 1214 230.

127 1256 238 1316 Ludue
263 1255 425 1330 obscenus,
458 1272 527 1311 uam
557 1249 634 1312 dare
663 1253 770 1312 einardi
798 1259 854 1314 eet.
899 1250 956 1332 qui
983 1250 1098 1315 didicit
1119 1254 1199 1315 Genu.
1224 1283 1262 1298 -

129 1361 208 1419 342.
231 1352 375 1417 animam
397 1351 564 1428 uduoriiie,
588 1357 624 1414 el.
651 1357 722 1416 373.
779 1355 837 1416 Sed
867 1375 898 1414 ee
926 1357 1122 1434 interrumpit
1144 1365 1174 1417 et
1196 1363 1265 1418 ante

128 1480 224 1538 quam
253 1461 344 1520 eortie
373 1460 540 1536 perieulum
563 1458 652 1532 iecit,
685 1458 797 1532 denuo,
826 1458 899 1536 quid
921 1477 1025 1536 preeee
1053 1459 1187 1533 valeant,
1217 1480 1265 1520 ex·

126 1563 261 1640 peritur.
279 1591 321 1602 —
341 1564 412 1621 343.
434 1554 549 1638 Atque.
573 1559 668 1640 Gepp.
684 1556 907 1637 „Quamquem“
927 1559 983 1632 ed,
1007 1560 1143 1636 Seyffert.
1156 1562 1264 1621 Philol.

126 1663 249 1724 XXVII
278 1684 309 1741 p.
334 1665 396 1723 436
422 1661 572 1740 „Atqui“;
606 1662 658 1722 aed
680 1683 708 1722 v.
734 1663 772 1722 ad
795 1663 916 1723 Trucul.
943 1665 1013 1722 195.
1044 1692 1086 1706 -
1113 1679 1162 1722 me
1184 1663 1265 1724 Cum.

128 1799 175 1808 -
201 1767 271 1826 344.
295 1761 391 1839 milei3
420 1767 536 1826 auimue
560 1785 661 1824 amore
683 1766 877 1844 perturbatus
899 1765 1063 1825 identidem
1085 1765 1211 1825 ridicule
1233 1787 1265 1826 55

128 1872 303 1945 558511,-
329 1870 401 1928 345.
426 1863 564 1942 daretur,
587 1888 615 1927 v.
640 1867 677 1928 ad
700 1869 769 1928 114.
795 1899 833 1909 -
858 1865 951 1942 enim,
975 1869 1012 1928 uf.
1033 1870 1103 1928 302.
1127 1898 1169 1910 -
1193 1870 1265 1928 346.

127 1973 208 2032 Ρ551
224 1966 315 2048 eripio
333 1973 483 2030 sententia
499 1971 745 2048 interrumpitur3
769 1972 952 2031 titubantem
970 1972 1104 2046 linguam
1122 1990 1266 2031 excusare

129 2079 269 2135 eonetur.
302 2103 340 2115 -
372 2075 443 2134 347.
472 2065 534 2133 Pol
561 2070 595 2132 155
623 2067 749 2149 quidem
776 2093 837 2133 uou
860 2075 956 2132 uelum
979 2075 1038 2132 iem
1061 2073 1173 2133 dudum
1195 2093 1265 2152 per-

128 2197 236 2256 peram
259 2176 404 2236 iebulerie
426 2178 475 2235 vel
497 2175 649 2234 fabulatus
672 2196 713 2249 ee,
737 2175 790 2234 eed
812 2177 903 2234 etiam
927 2193 1005 2233 nuuc
1026 2173 1107 2232 idem
1124 2176 1207 2235 faeie.
1227 2205 1264 2216 -

128 2281 209 2340 Puet
230 2279 310 2338 hune
332 2297 452 2338 versum
468 2277 556 2336 Both.
569 2277 664 2356 Gepp.
676 2297 725 2336 vv.
739 2279 884 2337 350-51
904 2281 1079 2353 posueruut,
1104 2277 1156 2336 eed
1180 2283 1214 2336 ut
1235 2279 1266 2336 iu

128 2386 230 2443 altero
251 2401 342 2442 versu
367 2376 472 2454 „huie“
498 2380 643 2439 delerent.
669 2409 706 2420 -
733 2381 806 2438 343.
828 2373 918 2452 redii,
942 2379 1077 2452 ridicule,
1100 2378 1152 2437 ubi
1174 2399 1266 2456 quum

128 2487 263 2545 maxime
286 2490 398 2562 peceat.
453 2497 561 2544 ueram
585 2483 624 2558 B,
658 2487 693 2541 ut
720 2502 779 2540 nou
808 2501 884 2560 opue
911 2483 952 2540 eit
978 2479 1185 2559 Joergeneeuii
1206 2484 1265 2541 mei

129 2589 308 2648 coniectura
339 2584 504 2660 „redieram
527 2589 580 2644 uix
601 2587 632 2643 iu
654 2583 767 2645 uiem“.
813 2585 857 2644 cf.
882 2586 955 2644 448.
979 2612 1021 2624 -
1045 2585 1117 2643 349.
1141 2585 1186 2644 ΔΙ)
1210 2577 1266 2646 Ila

127 2687 173 2767 fit
196 2688 259 2749 eod.
283 2689 307 2748 Β
331 2691 410 2748 eeuie
432 2686 524 2746 verba
550 2689 673 2764 incipit,
701 2687 770 2746 let
791 2686 826 2760 E,
858 2687 938 2764 quod
968 2689 1068 2747 neeeio
1098 2707 1169 2747 uum
1199 2690 1265 2747 iure

126 2792 336 2873 praetulerim,
370 2810 389 2849 a
415 2791 552 2867 proximo
579 2809 677 2849 vereu.
715 2818 751 2830 -
788 2791 860 2850 350.
896 2787 964 2864 tue,
993 2792 1081 2849 uxori
1108 2788 1266 2850 blandiens

128 2893 275 2954 coneedit
297 2895 361 2952 eiue
377 2895 424 2952 ine
441 2912 515 2964 5555,
534 2896 569 2952 ut
585 2893 723 2951 ancillam
740 2892 880 2966 collocet,¹
899 2894 936 2952 ef.
954 2891 1040 2969 Gupt.
1054 2893 1125 2950 243.
1161 2892 1264 2951 Madv.

128 2999 173 3058 ad
197 2997 257 3056 (lie.
280 2993 347 3056 Fiu.
366 2994 401 3068 V,
421 2997 470 3067 25,
491 2997 541 3053 75.
585 2994 713 3054 Pietorie
741 2998 912 3054 eouieeture
937 2989 1029 3067 „euo“
1054 3015 1071 3052 5
1093 2993 1196 3052 multie
1219 3013 1266 3053 re·

128 3105 224 3178 cepte
243 3117 341 3177 prava
363 3102 417 3156 551.
438 3125 476 3138 -
502 3099 573 3157 351.
596 3110 665 3156 mea
686 3091 800 3170 mulsa,
823 3098 859 3156 el.
879 3098 917 3156 ed
935 3096 1026 3155 Stich.
1042 3098 1113 3157 753.
1133 3125 1175 3137 -
1194 3099 1265 3156 352.

131 3195 286 3262 Gratim
307 3191 421 3272 facies,
446 3199 636 3258 515111551.
653 3201 743 3259 1111.
765 3227 803 3240 -
823 3213 941 3273 censeo,
965 3217 993 3258 r.
1013 3199 1050 3259 ad
1069 3198 1176 3277 Amph.
1191 3202 1266 3260 959.

130 3335 179 3348 -
214 3297 285 3364 353.
319 3301 470 3376 Laeunee,
505 3322 571 3380 quta
603 3303 634 3360 iu
667 3302 693 3361 B
726 3307 864 3362 accurate
896 3303 1080 3374 iudicantur,
1114 3303 1267 3379 supplerit

128 3407 265 3469 Weieiue
291 3403 461 3478 „diuidum“
492 3409 523 3464 et
554 3403 701 3482 „quuie“
727 3405 872 3479 euribeue,
909 3424 963 3482 ego
983 3400 1124 3480 partiam
1157 3397 1199 3479 (v.
1223 3403 1261 3461 ad

128 3513 220 3573 Aein.
251 3504 326 3579 269)
357 3513 388 3567 et
415 3503 506 3568 Num
533 3502 615 3585 quie.
670 3506 782 3587 Gepp.:
819 3509 926 3582 „eortie
955 3508 1107 3583 utrimque
1135 3507 1267 3580 iueiguee

128 3613 275 3674 faeiem“.
307 3639 345 3650 -
376 3612 447 3683 355,
476 3611 506 3667 in
530 3611 636 3668 eeterie
660 3608 746 3667 codd.
770 3611 911 3684 omieeue,
945 3610 1058 3686 legitur
1079 3609 1111 3667 in
1133 3608 1268 3685 margine

131 3713 203 3777 eod.
226 3713 262 3788 Β,
286 3717 378 3790 atque
399 3712 491 3770 etiam
513 3711 545 3770 iu
562 3709 589 3768 D
611 3717 688 3770 teete
706 3710 832 3770 Goetuio
849 3713 983 3771 Aueleet.
1003 3731 1031 3787 p.
1047 3711 1096 3769 74.
1140 3709 1268 3769 Addidit

133 3825 168 3877 et
197 3815 352 3894 supplevit
372 3813 569 3874 Camerarius.
606 3841 644 3854 -
681 3813 752 3874 356.
791 3807 872 3872 Tene
902 3819 958 3873 eet.
982 3811 1155 3891 Olympioni
1183 3813 1266 3872 dieit.

133 3919 215 3979 Eum
247 3917 331 3977 iubet
363 3919 479 3994 rignum
506 3915 653 3995 iuepieere
679 3922 712 3974 et
739 3935 795 3994 pro
824 3906 878 3975 eun
900 3915 1020 3974 hebere.
1076 3914 1199 3991 Signum
1223 3920 1270 3973 eet

137 4026 239 4081 eutem
261 4033 375 4091 emm,
409 4019 428 4077 i.
453 4038 478 4078 e.
500 4018 594 4093 μονάς.
650 4017 741 4090 Tum,
776 4019 802 4076 ei
830 4019 978 4094 seriptum
1006 4036 1091 4090 eane,
1126 4015 1268 4075 Chalinus

136 4123 317 4200 inquitatem
339 4122 485 4198 queritur,
514 4120 595 4198 quod
618 4120 706 4180 alteri
728 4121 813 4197 prior
834 4139 976 4180 uumerus
998 4119 1087 4178 datue
1110 4123 1165 4178 eet.
1210 4115 1269 4177 Sed

136 4225 266 4285 serena
287 4231 371 4282 reete
398 4223 583 4302 Geppertue:
616 4221 707 4297 „date
729 4217 806 4281 eet“.
855 4222 960 4281 Malim
983 4227 1097 4282 tamen:
1125 4218 1267 4297 „Iniquus

138 4345 182 4400 ee,
204 4327 275 4403 quia
290 4325 343 4384 iuti
360 4326 445 4404 priue
463 4344 553 4402 quem
570 4323 642 4382 mihi
659 4320 744 4383 dae“.
779 4323 977 4384 Personarum
993 4324 1113 4383 uomina
1135 4321 1267 4380 editores
