<?xml version="1.0" encoding="UTF-8"?>
<!DOCTYPE html PUBLIC "-//W3C//DTD XHTML 1.0 Transitional//EN"
    "http://www.w3.org/TR/xhtml1/DTD/xhtml1-transitional.dtd">
<html xmlns="http://www.w3.org/1999/xhtml" xml:lang="en" lang="en">
 <head>
  <title>
</title>
<meta http-equiv="Content-Type" content="text/html;charset=utf-8" />
  <meta name='ocr-system' content='tesseract 3.04.00' />
  <meta name='ocr-capabilities' content='ocr_page ocr_carea ocr_par ocr_line ocrx_word'/>
</head>
<body>
  <div class='ocr_page' id='page_1' title='image "./tmacciiplautico03ussigoog_0212.png"; bbox 0 0 2982 5012; ppageno 0'>
   <div class='ocr_carea' id='block_1_1' title="bbox 567 373 1223 442">
    <p class='ocr_par' dir='ltr' id='par_1_1' title="bbox 567 373 1223 442">
     <span class='ocr_line' id='line_1_1' title="bbox 567 373 1223 442; baseline 0 -14"><span class='ocrx_word' id='word_1_1' title='bbox 567 373 599 428; x_wconf 88' lang='lat' dir='ltr'><strong>v.</strong></span> <span class='ocrx_word' id='word_1_2' title='bbox 618 375 763 430; x_wconf 79' lang='lat' dir='ltr'><strong>sac—sm.</strong></span> <span class='ocrx_word' id='word_1_3' title='bbox 1166 379 1223 442; x_wconf 79' lang='lat'><strong>201</strong></span> 
     </span>
    </p>
   </div>
   <div class='ocr_carea' id='block_1_2' title="bbox 100 568 1229 1972">
    <p class='ocr_par' dir='ltr' id='par_1_2' title="bbox 100 568 1229 1972">
     <span class='ocr_line' id='line_1_2' title="bbox 101 568 1227 648; baseline 0.001 -22"><span class='ocrx_word' id='word_1_4' title='bbox 101 573 179 626; x_wconf 77' lang='lat' dir='ltr'><strong>not:</strong></span> <span class='ocrx_word' id='word_1_5' title='bbox 219 571 261 641; x_wconf 82' lang='grc'><strong>,01</strong></span> <span class='ocrx_word' id='word_1_6' title='bbox 290 569 362 646; x_wconf 85' lang='lat' dir='ltr'><strong>quid</strong></span> <span class='ocrx_word' id='word_1_7' title='bbox 390 570 514 627; x_wconf 91' lang='lat' dir='ltr'><strong>esttibi</strong></span> <span class='ocrx_word' id='word_1_8' title='bbox 537 589 627 648; x_wconf 88' lang='lat' dir='ltr'><strong>opus,</strong></span> <span class='ocrx_word' id='word_1_9' title='bbox 657 568 722 626; x_wconf 85' lang='lat' dir='ltr'><strong>dice</strong></span> <span class='ocrx_word' id='word_1_10' title='bbox 744 570 864 646; x_wconf 78' lang='lat' dir='ltr'><strong>inpera3</strong></span> <span class='ocrx_word' id='word_1_11' title='bbox 899 575 930 626; x_wconf 88' lang='grc'><strong>01</strong></span> <span class='ocrx_word' id='word_1_12' title='bbox 952 575 987 626; x_wconf 92' lang='lat' dir='ltr'><strong>tu</strong></span> <span class='ocrx_word' id='word_1_13' title='bbox 1010 570 1088 641; x_wconf 78' lang='lat' dir='ltr'><strong>Quid</strong></span> <span class='ocrx_word' id='word_1_14' title='bbox 1112 573 1227 646; x_wconf 91' lang='lat' dir='ltr'><strong>quaeri·</strong></span> 
     </span>
     <span class='ocr_line' id='line_1_3' title="bbox 101 667 1226 748; baseline 0.003 -21"><span class='ocrx_word' id='word_1_15' title='bbox 101 667 229 728; x_wconf 80' lang='lat' dir='ltr'><strong>tabas?“</strong></span> <span class='ocrx_word' id='word_1_16' title='bbox 266 675 413 732; x_wconf 69' lang='lat'><strong>-0555.</strong></span> <span class='ocrx_word' id='word_1_17' title='bbox 449 672 556 732; x_wconf 76' lang='lat' dir='ltr'><strong>Hiatus</strong></span> <span class='ocrx_word' id='word_1_18' title='bbox 589 677 659 748; x_wconf 86' lang='lat' dir='ltr'><strong>post</strong></span> <span class='ocrx_word' id='word_1_19' title='bbox 685 669 810 744; x_wconf 88' lang='lat' dir='ltr'><strong>„homo“</strong></span> <span class='ocrx_word' id='word_1_20' title='bbox 837 693 895 732; x_wconf 90' lang='lat' dir='ltr'><strong>uon</strong></span> <span class='ocrx_word' id='word_1_21' title='bbox 929 679 975 730; x_wconf 88' lang='grc'><strong>001</strong></span> <span class='ocrx_word' id='word_1_22' title='bbox 1007 675 1070 730; x_wconf 84' lang='lat' dir='ltr'><strong>veri</strong></span> <span class='ocrx_word' id='word_1_23' title='bbox 1101 673 1226 745; x_wconf 87' lang='lat' dir='ltr'><strong>similis;</strong></span> 
     </span>
     <span class='ocr_line' id='line_1_4' title="bbox 101 771 1229 847; baseline 0.004 -18"><span class='ocrx_word' id='word_1_24' title='bbox 101 771 202 831; x_wconf 82' lang='lat' dir='ltr'><strong>llusll.</strong></span> <span class='ocrx_word' id='word_1_25' title='bbox 229 773 339 846; x_wconf 67' lang='lat' dir='ltr'><strong>„Heus</strong></span> <span class='ocrx_word' id='word_1_26' title='bbox 363 779 403 833; x_wconf 89' lang='lat' dir='ltr'><strong>mi</strong></span> <span class='ocrx_word' id='word_1_27' title='bbox 427 774 531 833; x_wconf 83' lang='lat' dir='ltr'><strong>homo“</strong></span> <span class='ocrx_word' id='word_1_28' title='bbox 558 775 670 847; x_wconf 84' lang='lat' dir='ltr'><strong>voluit3</strong></span> <span class='ocrx_word' id='word_1_29' title='bbox 700 775 814 832; x_wconf 83' lang='lat' dir='ltr'><strong>malim:</strong></span> <span class='ocrx_word' id='word_1_30' title='bbox 841 775 884 847; x_wconf 89' lang='lat'><strong>„0</strong></span> <span class='ocrx_word' id='word_1_31' title='bbox 908 776 948 832; x_wconf 95' lang='lat' dir='ltr'><strong>mi</strong></span> <span class='ocrx_word' id='word_1_32' title='bbox 972 771 1077 833; x_wconf 89' lang='lat' dir='ltr'><strong>homo“</strong></span> <span class='ocrx_word' id='word_1_33' title='bbox 1103 782 1155 832; x_wconf 88' lang='lat' dir='ltr'><strong>aut</strong></span> <span class='ocrx_word' id='word_1_34' title='bbox 1180 782 1229 847; x_wconf 90' lang='lat' dir='ltr'><strong>„et</strong></span> 
     </span>
     <span class='ocr_line' id='line_1_5' title="bbox 100 873 1226 953; baseline 0.003 -22"><span class='ocrx_word' id='word_1_35' title='bbox 100 881 140 948; x_wconf 84' lang='lat' dir='ltr'><strong>tu,</strong></span> <span class='ocrx_word' id='word_1_36' title='bbox 162 895 229 933; x_wconf 85' lang='lat' dir='ltr'><strong>mes</strong></span> <span class='ocrx_word' id='word_1_37' title='bbox 252 873 388 935; x_wconf 82' lang='lat' dir='ltr'><strong>mulier“.</strong></span> <span class='ocrx_word' id='word_1_38' title='bbox 412 907 454 918; x_wconf 88' lang='lat'>-</span> <span class='ocrx_word' id='word_1_39' title='bbox 483 879 554 936; x_wconf 88' lang='grc'><strong>557.</strong></span> <span class='ocrx_word' id='word_1_40' title='bbox 584 877 665 936; x_wconf 85' lang='lat' dir='ltr'><strong>Cam.</strong></span> <span class='ocrx_word' id='word_1_41' title='bbox 690 877 864 953; x_wconf 78' lang='lat' dir='ltr'>supplebat:</span> <span class='ocrx_word' id='word_1_42' title='bbox 892 878 975 950; x_wconf 78' lang='lat' dir='ltr'><strong>„Qua</strong></span> <span class='ocrx_word' id='word_1_43' title='bbox 997 878 1114 950; x_wconf 79' lang='lat' dir='ltr'><strong>aufugit</strong></span> <span class='ocrx_word' id='word_1_44' title='bbox 1135 897 1226 953; x_wconf 85' lang='lat' dir='ltr'><strong>quse·</strong></span> 
     </span>
     <span class='ocr_line' id='line_1_6' title="bbox 101 953 1225 1056; baseline 0 -22"><span class='ocrx_word' id='word_1_45' title='bbox 101 977 174 1048; x_wconf 82' lang='lat' dir='ltr'><strong>dam,</strong></span> <span class='ocrx_word' id='word_1_46' title='bbox 200 979 300 1037; x_wconf 88' lang='lat' dir='ltr'><strong>nescio</strong></span> <span class='ocrx_word' id='word_1_47' title='bbox 324 953 388 1056; x_wconf 66' lang='lat' dir='ltr'><strong>quo</strong></span> <span class='ocrx_word' id='word_1_48' title='bbox 405 980 487 1038; x_wconf 88' lang='lat' dir='ltr'><strong>mihi.</strong></span> <span class='ocrx_word' id='word_1_49' title='bbox 521 973 637 1054; x_wconf 84' lang='lat' dir='ltr'><strong>(Both.:</strong></span> <span class='ocrx_word' id='word_1_50' title='bbox 661 981 761 1038; x_wconf 86' lang='lat' dir='ltr'><strong>nescio</strong></span> <span class='ocrx_word' id='word_1_51' title='bbox 784 995 875 1051; x_wconf 90' lang='lat' dir='ltr'><strong>quam</strong></span> <span class='ocrx_word' id='word_1_52' title='bbox 899 973 1020 1053; x_wconf 79' lang='lat' dir='ltr'><strong>dicem.)</strong></span> <span class='ocrx_word' id='word_1_53' title='bbox 1062 977 1123 1035; x_wconf 85' lang='lat' dir='ltr'><strong>PH.</strong></span> <span class='ocrx_word' id='word_1_54' title='bbox 1149 979 1225 1049; x_wconf 78' lang='lat' dir='ltr'><strong>Quid</strong></span> 
     </span>
     <span class='ocr_line' id='line_1_7' title="bbox 100 1078 1225 1158; baseline 0.001 -21"><span class='ocrx_word' id='word_1_55' title='bbox 100 1080 130 1138; x_wconf 89' lang='lat' dir='ltr'><strong>id</strong></span> <span class='ocrx_word' id='word_1_56' title='bbox 162 1078 231 1138; x_wconf 79' lang='lat' dir='ltr'><strong>est?</strong></span> <span class='ocrx_word' id='word_1_57' title='bbox 289 1081 349 1139; x_wconf 86' lang='lat' dir='ltr'><strong>LA.</strong></span> <span class='ocrx_word' id='word_1_58' title='bbox 383 1081 461 1153; x_wconf 78' lang='lat' dir='ltr'><strong>Quid</strong></span> <span class='ocrx_word' id='word_1_59' title='bbox 496 1102 563 1140; x_wconf 83' lang='lat' dir='ltr'><strong>uam</strong></span> <span class='ocrx_word' id='word_1_60' title='bbox 597 1079 685 1140; x_wconf 77' lang='lat' dir='ltr'><strong>est?“</strong></span> <span class='ocrx_word' id='word_1_61' title='bbox 754 1081 819 1155; x_wconf 80' lang='lat' dir='ltr'><strong>Ego</strong></span> <span class='ocrx_word' id='word_1_62' title='bbox 853 1085 978 1158; x_wconf 91' lang='lat' dir='ltr'><strong>propius</strong></span> <span class='ocrx_word' id='word_1_63' title='bbox 1017 1082 1144 1156; x_wconf 81' lang='lat' dir='ltr'><strong>vestigia</strong></span> <span class='ocrx_word' id='word_1_64' title='bbox 1177 1099 1225 1138; x_wconf 91' lang='grc'><strong>00-</strong></span> 
     </span>
     <span class='ocr_line' id='line_1_8' title="bbox 100 1181 1227 1262; baseline 0.001 -24"><span class='ocrx_word' id='word_1_65' title='bbox 100 1181 195 1240; x_wconf 85' lang='lat' dir='ltr'><strong>dicum</strong></span> <span class='ocrx_word' id='word_1_66' title='bbox 226 1187 346 1242; x_wconf 86' lang='lat' dir='ltr'><strong>secutus</strong></span> <span class='ocrx_word' id='word_1_67' title='bbox 373 1203 447 1243; x_wconf 89' lang='lat' dir='ltr'><strong>eum.</strong></span> <span class='ocrx_word' id='word_1_68' title='bbox 503 1183 648 1256; x_wconf 80' lang='lat' dir='ltr'><strong>Consulto¹</strong></span> <span class='ocrx_word' id='word_1_69' title='bbox 675 1183 830 1242; x_wconf 75' lang='lat' dir='ltr'><strong>obscurius</strong></span> <span class='ocrx_word' id='word_1_70' title='bbox 862 1185 1013 1260; x_wconf 89' lang='lat' dir='ltr'><strong>loquitur,</strong></span> <span class='ocrx_word' id='word_1_71' title='bbox 1049 1184 1133 1262; x_wconf 88' lang='lat' dir='ltr'><strong>quasi</strong></span> <span class='ocrx_word' id='word_1_72' title='bbox 1168 1203 1227 1241; x_wconf 90' lang='lat' dir='ltr'><strong>uon</strong></span> 
     </span>
     <span class='ocr_line' id='line_1_9' title="bbox 100 1285 1227 1362; baseline 0.002 -21"><span class='ocrx_word' id='word_1_73' title='bbox 100 1285 244 1342; x_wconf 79' lang='lat' dir='ltr'><strong>cistellam</strong></span> <span class='ocrx_word' id='word_1_74' title='bbox 279 1293 411 1362; x_wconf 65' lang='lat' dir='ltr'><strong>querat,</strong></span> <span class='ocrx_word' id='word_1_75' title='bbox 453 1287 506 1344; x_wconf 88' lang='lat' dir='ltr'><strong>ssd</strong></span> <span class='ocrx_word' id='word_1_76' title='bbox 539 1305 666 1344; x_wconf 80' lang='lat' dir='ltr'><strong>sarvam.</strong></span> <span class='ocrx_word' id='word_1_77' title='bbox 701 1315 742 1325; x_wconf 92' lang='lat'>—</span> <span class='ocrx_word' id='word_1_78' title='bbox 777 1287 848 1346; x_wconf 85' lang='grc'><strong>558.</strong></span> <span class='ocrx_word' id='word_1_79' title='bbox 885 1285 938 1342; x_wconf 83' lang='grc'><strong>1110</strong></span> <span class='ocrx_word' id='word_1_80' title='bbox 972 1305 1091 1362; x_wconf 89' lang='lat' dir='ltr'><strong>quoque</strong></span> <span class='ocrx_word' id='word_1_81' title='bbox 1125 1303 1227 1343; x_wconf 85' lang='lat' dir='ltr'><strong>versus</strong></span> 
     </span>
     <span class='ocr_line' id='line_1_10' title="bbox 100 1387 1223 1465; baseline 0.004 -22"><span class='ocrx_word' id='word_1_82' title='bbox 100 1387 185 1462; x_wconf 82' lang='lat' dir='ltr'><strong>longe</strong></span> <span class='ocrx_word' id='word_1_83' title='bbox 214 1388 303 1445; x_wconf 85' lang='lat' dir='ltr'><strong>aliter</strong></span> <span class='ocrx_word' id='word_1_84' title='bbox 329 1389 513 1465; x_wconf 88' lang='lat' dir='ltr'><strong>supplendus</strong></span> <span class='ocrx_word' id='word_1_85' title='bbox 542 1395 615 1461; x_wconf 85' lang='lat' dir='ltr'><strong>erat,</strong></span> <span class='ocrx_word' id='word_1_86' title='bbox 644 1408 732 1465; x_wconf 91' lang='lat' dir='ltr'><strong>quam</strong></span> <span class='ocrx_word' id='word_1_87' title='bbox 761 1388 930 1465; x_wconf 75' lang='lat' dir='ltr'>superiores</span> <span class='ocrx_word' id='word_1_88' title='bbox 952 1387 1097 1446; x_wconf 82' lang='lat' dir='ltr'><strong>fecerant:</strong></span> <span class='ocrx_word' id='word_1_89' title='bbox 1132 1387 1223 1448; x_wconf 74' lang='lat' dir='ltr'><strong>Gom:</strong></span> 
     </span>
     <span class='ocr_line' id='line_1_11' title="bbox 104 1487 1226 1568; baseline 0 -22"><span class='ocrx_word' id='word_1_90' title='bbox 104 1491 257 1561; x_wconf 75' lang='lat' dir='ltr'><strong>„Alienum</strong></span> <span class='ocrx_word' id='word_1_91' title='bbox 296 1491 375 1568; x_wconf 87' lang='lat' dir='ltr'><strong>quod</strong></span> <span class='ocrx_word' id='word_1_92' title='bbox 415 1493 554 1550; x_wconf 88' lang='lat' dir='ltr'><strong>damnum</strong></span> <span class='ocrx_word' id='word_1_93' title='bbox 595 1491 702 1549; x_wconf 84' lang='lat' dir='ltr'><strong>afferet</strong></span> <span class='ocrx_word' id='word_1_94' title='bbox 740 1495 771 1548; x_wconf 86' lang='grc'><strong>01</strong></span> <span class='ocrx_word' id='word_1_95' title='bbox 807 1509 974 1549; x_wconf 87' lang='lat' dir='ltr'><strong>moerorem</strong></span> <span class='ocrx_word' id='word_1_96' title='bbox 1014 1487 1226 1563; x_wconf 83' lang='lat' dir='ltr'><strong>familiarem“;</strong></span> 
     </span>
     <span class='ocr_line' id='line_1_12' title="bbox 101 1583 1225 1667; baseline 0 -18"><span class='ocrx_word' id='word_1_97' title='bbox 101 1592 203 1651; x_wconf 90' lang='lat' dir='ltr'><strong>Both.:</strong></span> <span class='ocrx_word' id='word_1_98' title='bbox 244 1593 378 1665; x_wconf 83' lang='lat' dir='ltr'><strong>„Nescio‚</strong></span> <span class='ocrx_word' id='word_1_99' title='bbox 411 1583 577 1654; x_wconf 82' lang='lat' dir='ltr'><strong>alienamus</strong></span> <span class='ocrx_word' id='word_1_100' title='bbox 605 1593 660 1652; x_wconf 89' lang='lat' dir='ltr'><strong>hoc</strong></span> <span class='ocrx_word' id='word_1_101' title='bbox 689 1610 745 1667; x_wconf 81' lang='lat' dir='ltr'><strong>ago</strong></span> <span class='ocrx_word' id='word_1_102' title='bbox 768 1612 843 1652; x_wconf 87' lang='lat' dir='ltr'><strong>anus</strong></span> <span class='ocrx_word' id='word_1_103' title='bbox 866 1611 1025 1652; x_wconf 76' lang='lat' dir='ltr'>memorem</span> <span class='ocrx_word' id='word_1_104' title='bbox 1048 1589 1225 1651; x_wconf 75' lang='lat' dir='ltr'><strong>lumiliare“.</strong></span> 
     </span>
     <span class='ocr_line' id='line_1_13' title="bbox 102 1693 1226 1769; baseline 0.001 -17"><span class='ocrx_word' id='word_1_105' title='bbox 102 1693 219 1754; x_wconf 76' lang='lat' dir='ltr'><strong>Halisca</strong></span> <span class='ocrx_word' id='word_1_106' title='bbox 253 1696 398 1754; x_wconf 75' lang='lat' dir='ltr'><strong>cistellam</strong></span> <span class='ocrx_word' id='word_1_107' title='bbox 436 1696 526 1768; x_wconf 87' lang='lat' dir='ltr'><strong>dicit,</strong></span> <span class='ocrx_word' id='word_1_108' title='bbox 567 1695 660 1754; x_wconf 87' lang='lat' dir='ltr'><strong>donec</strong></span> <span class='ocrx_word' id='word_1_109' title='bbox 695 1695 814 1754; x_wconf 89' lang='lat' dir='ltr'><strong>domum</strong></span> <span class='ocrx_word' id='word_1_110' title='bbox 849 1696 1022 1769; x_wconf 81' lang='lat' dir='ltr'><strong>reverterit,</strong></span> <span class='ocrx_word' id='word_1_111' title='bbox 1061 1713 1226 1754; x_wconf 83' lang='lat' dir='ltr'><strong>maerorem</strong></span> 
     </span>
     <span class='ocr_line' id='line_1_14' title="bbox 102 1791 1226 1870; baseline 0.004 -17"><span class='ocrx_word' id='word_1_112' title='bbox 102 1798 229 1856; x_wconf 78' lang='lat' dir='ltr'><strong>familiae</strong></span> <span class='ocrx_word' id='word_1_113' title='bbox 252 1799 421 1857; x_wconf 85' lang='lat' dir='ltr'><strong>allaturam.</strong></span> <span class='ocrx_word' id='word_1_114' title='bbox 456 1827 498 1839; x_wconf 92' lang='lat'><em>-</em></span> <span class='ocrx_word' id='word_1_115' title='bbox 533 1801 603 1859; x_wconf 93' lang='grc'><strong>559.</strong></span> <span class='ocrx_word' id='word_1_116' title='bbox 639 1791 730 1858; x_wconf 79' lang='lat' dir='ltr'><strong>Malu</strong></span> <span class='ocrx_word' id='word_1_117' title='bbox 751 1813 842 1870; x_wconf 79' lang='lat' dir='ltr'><strong>mers,</strong></span> <span class='ocrx_word' id='word_1_118' title='bbox 872 1818 900 1855; x_wconf 81' lang='lat' dir='ltr'><strong>v.</strong></span> <span class='ocrx_word' id='word_1_119' title='bbox 925 1796 963 1855; x_wconf 89' lang='lat' dir='ltr'><strong>ad</strong></span> <span class='ocrx_word' id='word_1_120' title='bbox 986 1797 1065 1856; x_wconf 81' lang='lat' dir='ltr'><strong>Meu.</strong></span> <span class='ocrx_word' id='word_1_121' title='bbox 1090 1799 1160 1858; x_wconf 84' lang='grc'><strong>745.</strong></span> <span class='ocrx_word' id='word_1_122' title='bbox 1185 1826 1226 1836; x_wconf 94' lang='grc'><strong>-</strong></span> 
     </span>
     <span class='ocr_line' id='line_1_15' title="bbox 103 1893 1225 1972; baseline -0.003 -12"><span class='ocrx_word' id='word_1_123' title='bbox 103 1902 169 1960; x_wconf 88' lang='grc'><strong>561.</strong></span> <span class='ocrx_word' id='word_1_124' title='bbox 205 1893 423 1972; x_wconf 79' lang='lat' dir='ltr'><strong>Inuoluolcm,</strong></span> <span class='ocrx_word' id='word_1_125' title='bbox 458 1901 663 1960; x_wconf 83' lang='lat' dir='ltr'><strong>convolvolum</strong></span> <span class='ocrx_word' id='word_1_126' title='bbox 693 1901 797 1958; x_wconf 86' lang='lat' dir='ltr'><strong>dieunt</strong></span> <span class='ocrx_word' id='word_1_127' title='bbox 824 1899 898 1958; x_wconf 83' lang='grc'><strong>0010</strong></span> <span class='ocrx_word' id='word_1_128' title='bbox 928 1900 962 1959; x_wconf 85' lang='lat' dir='ltr'><strong>R.</strong></span> <span class='ocrx_word' id='word_1_129' title='bbox 988 1899 1022 1958; x_wconf 87' lang='lat' dir='ltr'><strong>R.</strong></span> <span class='ocrx_word' id='word_1_130' title='bbox 1045 1902 1083 1957; x_wconf 89' lang='grc'><strong>95</strong></span> <span class='ocrx_word' id='word_1_131' title='bbox 1108 1906 1140 1958; x_wconf 83' lang='grc'><strong>01</strong></span> <span class='ocrx_word' id='word_1_132' title='bbox 1164 1900 1225 1957; x_wconf 89' lang='grc' dir='ltr'><strong>Ρ11-</strong></span> 
     </span>
    </p>
   </div>
   <div class='ocr_carea' id='block_1_3' title="bbox 101 2001 1227 2389">
    <p class='ocr_par' dir='ltr' id='par_1_3' title="bbox 101 2001 1227 2389">
     <span class='ocr_line' id='line_1_16' title="bbox 102 2001 1227 2079; baseline -0.001 -19"><span class='ocrx_word' id='word_1_133' title='bbox 102 2005 165 2061; x_wconf 85' lang='lat' dir='ltr'><strong>nius</strong></span> <span class='ocrx_word' id='word_1_134' title='bbox 184 2003 221 2061; x_wconf 86' lang='grc' dir='ltr'><strong>Η.</strong></span> <span class='ocrx_word' id='word_1_135' title='bbox 240 2001 276 2060; x_wconf 81' lang='lat' dir='ltr'><strong>N.</strong></span> <span class='ocrx_word' id='word_1_136' title='bbox 293 2002 388 2076; x_wconf 87' lang='lat' dir='ltr'>XVII,</span> <span class='ocrx_word' id='word_1_137' title='bbox 413 2005 485 2075; x_wconf 79' lang='lat'><strong>264,</strong></span> <span class='ocrx_word' id='word_1_138' title='bbox 509 2023 625 2062; x_wconf 86' lang='lat' dir='ltr'><strong>erucam</strong></span> <span class='ocrx_word' id='word_1_139' title='bbox 649 2003 781 2062; x_wconf 82' lang='lat' dir='ltr'><strong>isidorus</strong></span> <span class='ocrx_word' id='word_1_140' title='bbox 804 2002 970 2079; x_wconf 80' lang='lat' dir='ltr'><strong>Orig.x11,</strong></span> <span class='ocrx_word' id='word_1_141' title='bbox 996 2005 1023 2074; x_wconf 92' lang='grc'><strong>5,</strong></span> <span class='ocrx_word' id='word_1_142' title='bbox 1048 2005 1082 2062; x_wconf 69' lang='grc'><strong>91</strong></span> <span class='ocrx_word' id='word_1_143' title='bbox 1110 2002 1227 2075; x_wconf 79' lang='lat' dir='ltr'><strong>„Eunus</strong></span> 
     </span>
     <span class='ocr_line' id='line_1_17' title="bbox 101 2105 1226 2183; baseline -0.001 -21"><span class='ocrx_word' id='word_1_144' title='bbox 101 2105 249 2164; x_wconf 81' lang='lat' dir='ltr'><strong>frondium</strong></span> <span class='ocrx_word' id='word_1_145' title='bbox 279 2107 386 2163; x_wconf 85' lang='lat' dir='ltr'><strong>vermis</strong></span> <span class='ocrx_word' id='word_1_146' title='bbox 416 2107 446 2163; x_wconf 94' lang='lat' dir='ltr'><strong>iu</strong></span> <span class='ocrx_word' id='word_1_147' title='bbox 475 2105 605 2165; x_wconf 86' lang='lat' dir='ltr'><strong>oleribus</strong></span> <span class='ocrx_word' id='word_1_148' title='bbox 634 2107 682 2163; x_wconf 83' lang='lat' dir='ltr'><strong>vel</strong></span> <span class='ocrx_word' id='word_1_149' title='bbox 710 2107 741 2164; x_wconf 93' lang='lat' dir='ltr'><strong>in</strong></span> <span class='ocrx_word' id='word_1_150' title='bbox 768 2107 917 2183; x_wconf 86' lang='lat' dir='ltr'><strong>pampinis</strong></span> <span class='ocrx_word' id='word_1_151' title='bbox 940 2105 1077 2164; x_wconf 87' lang='lat' dir='ltr'><strong>involuta</strong></span> <span class='ocrx_word' id='word_1_152' title='bbox 1100 2106 1137 2163; x_wconf 84' lang='lat' dir='ltr'><strong>ab</strong></span> <span class='ocrx_word' id='word_1_153' title='bbox 1161 2124 1226 2162; x_wconf 92' lang='lat' dir='ltr'><strong>ero·</strong></span> 
     </span>
     <span class='ocr_line' id='line_1_18' title="bbox 102 2206 1225 2284; baseline 0 -20"><span class='ocrx_word' id='word_1_154' title='bbox 102 2207 197 2266; x_wconf 88' lang='lat' dir='ltr'><strong>dendo</strong></span> <span class='ocrx_word' id='word_1_155' title='bbox 222 2208 311 2281; x_wconf 81' lang='lat' dir='ltr'><strong>dicta,</strong></span> <span class='ocrx_word' id='word_1_156' title='bbox 334 2207 371 2265; x_wconf 88' lang='lat' dir='ltr'><strong>de</strong></span> <span class='ocrx_word' id='word_1_157' title='bbox 393 2227 454 2284; x_wconf 87' lang='lat' dir='ltr'><strong>qua</strong></span> <span class='ocrx_word' id='word_1_158' title='bbox 475 2209 610 2266; x_wconf 79' lang='lat' dir='ltr'><strong>meminit</strong></span> <span class='ocrx_word' id='word_1_159' title='bbox 628 2209 765 2268; x_wconf 74' lang='lat' dir='ltr'><strong>Plautusr</strong></span> <span class='ocrx_word' id='word_1_160' title='bbox 788 2207 927 2266; x_wconf 86' lang='lat' dir='ltr'><strong>Imitatus</strong></span> <span class='ocrx_word' id='word_1_161' title='bbox 951 2227 1079 2284; x_wconf 84' lang='lat' dir='ltr'><strong>usquam</strong></span> <span class='ocrx_word' id='word_1_162' title='bbox 1100 2206 1225 2266; x_wconf 87' lang='lat' dir='ltr'><strong>bestiam</strong></span> 
     </span>
     <span class='ocr_line' id='line_1_19' title="bbox 102 2302 1225 2389; baseline 0.001 -24"><span class='ocrx_word' id='word_1_163' title='bbox 102 2315 130 2366; x_wconf 87' lang='lat' dir='ltr'><strong>et</strong></span> <span class='ocrx_word' id='word_1_164' title='bbox 152 2310 315 2368; x_wconf 82' lang='lat' dir='ltr'><strong>maleficum</strong></span> <span class='ocrx_word' id='word_1_165' title='bbox 338 2309 503 2368; x_wconf 80' lang='lat' dir='ltr'><strong>involutam</strong></span> <span class='ocrx_word' id='word_1_166' title='bbox 533 2313 563 2368; x_wconf 90' lang='lat' dir='ltr'><strong>in</strong></span> <span class='ocrx_word' id='word_1_167' title='bbox 591 2307 765 2389; x_wconf 83' lang='lat' dir='ltr'><strong>pampino“.</strong></span> <span class='ocrx_word' id='word_1_168' title='bbox 810 2302 887 2382; x_wconf 79' lang='lat' dir='ltr'><strong>folio</strong></span> <span class='ocrx_word' id='word_1_169' title='bbox 911 2311 978 2367; x_wconf 82' lang='lat' dir='ltr'><strong>edd.</strong></span> <span class='ocrx_word' id='word_1_170' title='bbox 1010 2339 1050 2350; x_wconf 88' lang='lat'>-</span> <span class='ocrx_word' id='word_1_171' title='bbox 1081 2312 1152 2369; x_wconf 79' lang='lat'><strong>562.</strong></span> <span class='ocrx_word' id='word_1_172' title='bbox 1175 2305 1225 2367; x_wconf 81' lang='lat' dir='ltr'><strong>iu·</strong></span> 
     </span>
    </p>
   </div>
   <div class='ocr_carea' id='block_1_4' title="bbox 98 2409 1268 4333">
    <p class='ocr_par' dir='ltr' id='par_1_4' title="bbox 98 2409 1268 4333">
     <span class='ocr_line' id='line_1_20' title="bbox 102 2409 1226 2489; baseline 0 -19"><span class='ocrx_word' id='word_1_173' title='bbox 102 2409 227 2485; x_wconf 70' lang='lat' dir='ltr'><strong>loriam,</strong></span> <span class='ocrx_word' id='word_1_174' title='bbox 263 2413 426 2470; x_wconf 84' lang='lat' dir='ltr'><strong>involutam</strong></span> <span class='ocrx_word' id='word_1_175' title='bbox 450 2419 481 2471; x_wconf 87' lang='lat' dir='ltr'><strong>st</strong></span> <span class='ocrx_word' id='word_1_176' title='bbox 503 2413 673 2486; x_wconf 83' lang='lat' dir='ltr'><strong>obscuram,</strong></span> <span class='ocrx_word' id='word_1_177' title='bbox 708 2417 791 2472; x_wconf 82' lang='lat' dir='ltr'><strong>cuius</strong></span> <span class='ocrx_word' id='word_1_178' title='bbox 819 2415 968 2471; x_wconf 79' lang='lat' dir='ltr'><strong>seniculis</strong></span> <span class='ocrx_word' id='word_1_179' title='bbox 991 2433 1045 2489; x_wconf 89' lang='lat' dir='ltr'><strong>per</strong></span> <span class='ocrx_word' id='word_1_180' title='bbox 1069 2414 1226 2487; x_wconf 77' lang='lat' dir='ltr'><strong>aeuigmata</strong></span> 
     </span>
     <span class='ocr_line' id='line_1_21' title="bbox 100 2509 1225 2592; baseline 0 -20"><span class='ocrx_word' id='word_1_181' title='bbox 100 2515 294 2588; x_wconf 79' lang='lat' dir='ltr'><strong>significatur.</strong></span> <span class='ocrx_word' id='word_1_182' title='bbox 324 2545 366 2554; x_wconf 89' lang='lat'><strong>—</strong></span> <span class='ocrx_word' id='word_1_183' title='bbox 402 2517 473 2574; x_wconf 87' lang='grc'><strong>563.</strong></span> <span class='ocrx_word' id='word_1_184' title='bbox 502 2509 610 2573; x_wconf 68' lang='lat' dir='ltr'><strong>lumel</strong></span> <span class='ocrx_word' id='word_1_185' title='bbox 639 2520 727 2573; x_wconf 85' lang='lat' dir='ltr'><strong>recte.</strong></span> <span class='ocrx_word' id='word_1_186' title='bbox 789 2515 977 2575; x_wconf 86' lang='lat' dir='ltr'><strong>Camerarius</strong></span> <span class='ocrx_word' id='word_1_187' title='bbox 1005 2517 1156 2592; x_wconf 86' lang='lat' dir='ltr'><strong>ceterique</strong></span> <span class='ocrx_word' id='word_1_188' title='bbox 1189 2535 1225 2572; x_wconf 86' lang='lat' dir='ltr'><strong>ex</strong></span> 
     </span>
     <span class='ocr_line' id='line_1_22' title="bbox 100 2610 1226 2690; baseline 0 -16"><span class='ocrx_word' id='word_1_189' title='bbox 100 2616 163 2674; x_wconf 79' lang='lat' dir='ltr'><strong>BE:</strong></span> <span class='ocrx_word' id='word_1_190' title='bbox 200 2617 344 2690; x_wconf 80' lang='lat' dir='ltr'><strong>„Cistella</strong></span> <span class='ocrx_word' id='word_1_191' title='bbox 368 2616 438 2673; x_wconf 88' lang='lat' dir='ltr'><strong>mihi</strong></span> <span class='ocrx_word' id='word_1_192' title='bbox 461 2619 523 2688; x_wconf 85' lang='lat' dir='ltr'><strong>hic,</strong></span> <span class='ocrx_word' id='word_1_193' title='bbox 547 2619 588 2674; x_wconf 92' lang='lat' dir='ltr'><strong>mi</strong></span> <span class='ocrx_word' id='word_1_194' title='bbox 611 2617 798 2689; x_wconf 84' lang='lat' dir='ltr'><strong>adolescens,</strong></span> <span class='ocrx_word' id='word_1_195' title='bbox 823 2613 986 2676; x_wconf 88' lang='lat' dir='ltr'><strong>euolauit“.</strong></span> <span class='ocrx_word' id='word_1_196' title='bbox 1014 2647 1049 2656; x_wconf 95' lang='grc'>-</span> <span class='ocrx_word' id='word_1_197' title='bbox 1076 2619 1147 2677; x_wconf 81' lang='grc'><strong>564.</strong></span> <span class='ocrx_word' id='word_1_198' title='bbox 1181 2610 1226 2675; x_wconf 81' lang='lat' dir='ltr'><strong>Iu</strong></span> 
     </span>
     <span class='ocr_line' id='line_1_23' title="bbox 99 2714 1223 2795; baseline 0 -18"><span class='ocrx_word' id='word_1_199' title='bbox 99 2733 190 2778; x_wconf 77' lang='lat' dir='ltr'><strong>cauea</strong></span> <span class='ocrx_word' id='word_1_200' title='bbox 213 2719 343 2777; x_wconf 86' lang='lat' dir='ltr'><strong>Weisius</strong></span> <span class='ocrx_word' id='word_1_201' title='bbox 366 2719 543 2778; x_wconf 86' lang='lat' dir='ltr'><strong>emendavit.</strong></span> <span class='ocrx_word' id='word_1_202' title='bbox 569 2747 606 2760; x_wconf 91' lang='grc'>-</span> <span class='ocrx_word' id='word_1_203' title='bbox 641 2723 712 2778; x_wconf 88' lang='grc'><strong>565.</strong></span> <span class='ocrx_word' id='word_1_204' title='bbox 745 2714 869 2778; x_wconf 78' lang='lat' dir='ltr'><strong>Mirum</strong></span> <span class='ocrx_word' id='word_1_205' title='bbox 892 2716 977 2795; x_wconf 79' lang='lat' dir='ltr'><strong>quim,</strong></span> <span class='ocrx_word' id='word_1_206' title='bbox 1002 2740 1029 2778; x_wconf 87' lang='lat' dir='ltr'><strong>v.</strong></span> <span class='ocrx_word' id='word_1_207' title='bbox 1053 2721 1091 2778; x_wconf 91' lang='lat' dir='ltr'><strong>ad</strong></span> <span class='ocrx_word' id='word_1_208' title='bbox 1115 2721 1223 2795; x_wconf 84' lang='lat' dir='ltr'>Amph.</span> 
     </span>
     <span class='ocr_line' id='line_1_24' title="bbox 101 2815 1268 2899; baseline 0.001 -22"><span class='ocrx_word' id='word_1_209' title='bbox 101 2823 167 2880; x_wconf 79' lang='grc'><strong>749.</strong></span> <span class='ocrx_word' id='word_1_210' title='bbox 188 2851 231 2862; x_wconf 89' lang='lat'><em>-</em></span> <span class='ocrx_word' id='word_1_211' title='bbox 252 2815 421 2892; x_wconf 74' lang='lat' dir='ltr'><strong>uenalium,</strong></span> <span class='ocrx_word' id='word_1_212' title='bbox 446 2823 671 2898; x_wconf 86' lang='lat' dir='ltr'><strong>mancipiorum.</strong></span> <span class='ocrx_word' id='word_1_213' title='bbox 691 2851 734 2861; x_wconf 87' lang='grc'><strong>-</strong></span> <span class='ocrx_word' id='word_1_214' title='bbox 758 2824 829 2882; x_wconf 93' lang='grc'><strong>566.</strong></span> <span class='ocrx_word' id='word_1_215' title='bbox 853 2817 989 2881; x_wconf 74' lang='lat' dir='ltr'><strong>sidicat</strong></span> <span class='ocrx_word' id='word_1_216' title='bbox 1011 2817 1144 2899; x_wconf 70' lang='lat' dir='ltr'><strong>quidm,</strong></span> <span class='ocrx_word' id='word_1_217' title='bbox 1169 2823 1221 2878; x_wconf 88' lang='lat' dir='ltr'><strong>aed</strong></span> <span class='ocrx_word' id='word_1_218' title='bbox 1263 2835 1268 2844; x_wconf 87' lang='grc'><em>“</em></span> 
     </span>
     <span class='ocr_line' id='line_1_25' title="bbox 99 2923 1222 3001; baseline 0.001 -20"><span class='ocrx_word' id='word_1_219' title='bbox 99 2923 169 2981; x_wconf 90' lang='lat' dir='ltr'><strong>nihil</strong></span> <span class='ocrx_word' id='word_1_220' title='bbox 196 2923 297 2982; x_wconf 86' lang='lat' dir='ltr'><strong>dicere</strong></span> <span class='ocrx_word' id='word_1_221' title='bbox 326 2924 401 2981; x_wconf 86' lang='lat' dir='ltr'><strong>velle</strong></span> <span class='ocrx_word' id='word_1_222' title='bbox 431 2925 558 2984; x_wconf 82' lang='lat' dir='ltr'><strong>videtur.</strong></span> <span class='ocrx_word' id='word_1_223' title='bbox 605 2925 728 2983; x_wconf 78' lang='lat' dir='ltr'><strong>Becker.</strong></span> <span class='ocrx_word' id='word_1_224' title='bbox 751 2926 782 2982; x_wconf 92' lang='lat' dir='ltr'><strong>in</strong></span> <span class='ocrx_word' id='word_1_225' title='bbox 805 2924 937 2984; x_wconf 84' lang='lat' dir='ltr'><strong>Studem.</strong></span> <span class='ocrx_word' id='word_1_226' title='bbox 962 2925 1045 2982; x_wconf 86' lang='lat' dir='ltr'><strong>Stud.</strong></span> <span class='ocrx_word' id='word_1_227' title='bbox 1070 2925 1084 2980; x_wconf 97' lang='lat' dir='ltr'>I</span> <span class='ocrx_word' id='word_1_228' title='bbox 1107 2945 1135 3001; x_wconf 93' lang='lat' dir='ltr'><strong>p.</strong></span> <span class='ocrx_word' id='word_1_229' title='bbox 1164 2925 1222 2982; x_wconf 76' lang='lat'><strong>152</strong></span> 
     </span>
     <span class='ocr_line' id='line_1_26' title="bbox 99 3020 1223 3103; baseline 0.003 -21"><span class='ocrx_word' id='word_1_230' title='bbox 99 3026 203 3085; x_wconf 79' lang='lat' dir='ltr'><strong>voluit:</strong></span> <span class='ocrx_word' id='word_1_231' title='bbox 241 3028 322 3102; x_wconf 78' lang='lat' dir='ltr'>„Age</span> <span class='ocrx_word' id='word_1_232' title='bbox 352 3027 475 3103; x_wconf 86' lang='lat' dir='ltr'><strong>loquere</strong></span> <span class='ocrx_word' id='word_1_233' title='bbox 497 3032 540 3098; x_wconf 86' lang='lat' dir='ltr'><strong>tu,</strong></span> <span class='ocrx_word' id='word_1_234' title='bbox 572 3027 643 3103; x_wconf 89' lang='lat' dir='ltr'><strong>quid</strong></span> <span class='ocrx_word' id='word_1_235' title='bbox 667 3027 709 3084; x_wconf 90' lang='lat' dir='ltr'><strong>ibi</strong></span> <span class='ocrx_word' id='word_1_236' title='bbox 732 3024 859 3085; x_wconf 89' lang='lat' dir='ltr'><strong>iuerat“.</strong></span> <span class='ocrx_word' id='word_1_237' title='bbox 881 3055 918 3068; x_wconf 89' lang='lat'>-</span> <span class='ocrx_word' id='word_1_238' title='bbox 945 3029 1016 3086; x_wconf 90' lang='grc'><strong>567.</strong></span> <span class='ocrx_word' id='word_1_239' title='bbox 1044 3020 1223 3102; x_wconf 62' lang='lat' dir='ltr'><strong>&amp;rependis</strong></span> 
     </span>
     <span class='ocr_line' id='line_1_27' title="bbox 98 3123 1225 3206; baseline 0.002 -22"><span class='ocrx_word' id='word_1_240' title='bbox 98 3142 158 3186; x_wconf 81' lang='lat' dir='ltr'><strong>uua</strong></span> <span class='ocrx_word' id='word_1_241' title='bbox 179 3128 254 3188; x_wconf 90' lang='lat' dir='ltr'><strong>nihil</strong></span> <span class='ocrx_word' id='word_1_242' title='bbox 278 3133 388 3206; x_wconf 77' lang='lat' dir='ltr'><strong>praeter</strong></span> <span class='ocrx_word' id='word_1_243' title='bbox 415 3129 594 3206; x_wconf 85' lang='lat' dir='ltr'><strong>crepundia,</strong></span> <span class='ocrx_word' id='word_1_244' title='bbox 631 3131 667 3187; x_wconf 86' lang='lat' dir='ltr'><strong>ci.</strong></span> <span class='ocrx_word' id='word_1_245' title='bbox 692 3130 729 3187; x_wconf 87' lang='lat' dir='ltr'><strong>sd</strong></span> <span class='ocrx_word' id='word_1_246' title='bbox 753 3129 859 3188; x_wconf 87' lang='lat' dir='ltr'><strong>Bscch.</strong></span> <span class='ocrx_word' id='word_1_247' title='bbox 885 3132 955 3189; x_wconf 79' lang='lat'><strong>827.</strong></span> <span class='ocrx_word' id='word_1_248' title='bbox 992 3157 1030 3170; x_wconf 89' lang='lat'><em>-</em></span> <span class='ocrx_word' id='word_1_249' title='bbox 1067 3131 1138 3188; x_wconf 86' lang='grc'><strong>569.</strong></span> <span class='ocrx_word' id='word_1_250' title='bbox 1172 3123 1225 3187; x_wconf 71' lang='lat' dir='ltr'><strong>illc</strong></span> 
     </span>
     <span class='ocr_line' id='line_1_28' title="bbox 98 3225 1222 3308; baseline 0.002 -20"><span class='ocrx_word' id='word_1_251' title='bbox 98 3225 230 3306; x_wconf 80' lang='lat' dir='ltr'><strong>quidum,</strong></span> <span class='ocrx_word' id='word_1_252' title='bbox 249 3231 285 3288; x_wconf 83' lang='lat' dir='ltr'><strong>cl.</strong></span> <span class='ocrx_word' id='word_1_253' title='bbox 307 3231 345 3288; x_wconf 88' lang='lat' dir='ltr'><strong>ad</strong></span> <span class='ocrx_word' id='word_1_254' title='bbox 358 3231 447 3289; x_wconf 84' lang='lat' dir='ltr'><strong>Marc.</strong></span> <span class='ocrx_word' id='word_1_255' title='bbox 460 3232 532 3290; x_wconf 81' lang='lat'>450.</span> <span class='ocrx_word' id='word_1_256' title='bbox 554 3261 593 3272; x_wconf 89' lang='lat'><em>-</em></span> <span class='ocrx_word' id='word_1_257' title='bbox 613 3233 683 3290; x_wconf 85' lang='grc'><strong>570.</strong></span> <span class='ocrx_word' id='word_1_258' title='bbox 707 3227 879 3308; x_wconf 73' lang='lat' dir='ltr'><strong>quidquam</strong></span> <span class='ocrx_word' id='word_1_259' title='bbox 896 3233 1068 3290; x_wconf 87' lang='lat' dir='ltr'><strong>emendavit</strong></span> <span class='ocrx_word' id='word_1_260' title='bbox 1086 3253 1114 3288; x_wconf 82' lang='lat' dir='ltr'><strong>r.</strong></span> <span class='ocrx_word' id='word_1_261' title='bbox 1127 3233 1222 3306; x_wconf 88' lang='lat' dir='ltr'><strong>Ijseu-</strong></span> 
     </span>
     <span class='ocr_line' id='line_1_29' title="bbox 99 3332 1220 3412; baseline 0.004 -23"><span class='ocrx_word' id='word_1_262' title='bbox 99 3332 167 3405; x_wconf 83' lang='lat' dir='ltr'><strong>dijlr.</strong></span> <span class='ocrx_word' id='word_1_263' title='bbox 191 3333 230 3392; x_wconf 88' lang='lat' dir='ltr'><strong>de</strong></span> <span class='ocrx_word' id='word_1_264' title='bbox 252 3335 346 3392; x_wconf 86' lang='lat' dir='ltr'><strong>Persa</strong></span> <span class='ocrx_word' id='word_1_265' title='bbox 368 3354 396 3410; x_wconf 94' lang='lat' dir='ltr'><strong>p.</strong></span> <span class='ocrx_word' id='word_1_266' title='bbox 421 3335 471 3391; x_wconf 87' lang='grc'><strong>97.</strong></span> <span class='ocrx_word' id='word_1_267' title='bbox 503 3361 541 3373; x_wconf 89' lang='lat'>-</span> <span class='ocrx_word' id='word_1_268' title='bbox 578 3336 648 3394; x_wconf 92' lang='grc'><strong>571.</strong></span> <span class='ocrx_word' id='word_1_269' title='bbox 683 3333 796 3394; x_wconf 82' lang='grc'><strong>001001.</strong></span> <span class='ocrx_word' id='word_1_270' title='bbox 820 3337 955 3393; x_wconf 84' lang='lat' dir='ltr'><strong>lacunam</strong></span> <span class='ocrx_word' id='word_1_271' title='bbox 985 3338 1026 3392; x_wconf 86' lang='lat' dir='ltr'><strong>sio</strong></span> <span class='ocrx_word' id='word_1_272' title='bbox 1054 3336 1220 3412; x_wconf 85' lang='lat' dir='ltr'><strong>supplevit:</strong></span> 
     </span>
     <span class='ocr_line' id='line_1_30' title="bbox 102 3435 1222 3515; baseline 0.003 -23"><span class='ocrx_word' id='word_1_273' title='bbox 102 3435 176 3506; x_wconf 66' lang='lat' dir='ltr'><strong>„Lu</strong></span> <span class='ocrx_word' id='word_1_274' title='bbox 195 3437 325 3495; x_wconf 80' lang='lat' dir='ltr'><strong>Ateuim</strong></span> <span class='ocrx_word' id='word_1_275' title='bbox 338 3437 388 3492; x_wconf 89' lang='lat' dir='ltr'><strong>ille</strong></span> <span class='ocrx_word' id='word_1_276' title='bbox 407 3436 527 3512; x_wconf 88' lang='lat' dir='ltr'><strong>quidam</strong></span> <span class='ocrx_word' id='word_1_277' title='bbox 546 3443 701 3514; x_wconf 79' lang='lat' dir='ltr'><strong>argentum</strong></span> <span class='ocrx_word' id='word_1_278' title='bbox 720 3439 844 3515; x_wconf 85' lang='lat' dir='ltr'><strong>expetit.</strong></span> <span class='ocrx_word' id='word_1_279' title='bbox 883 3438 948 3495; x_wconf 88' lang='lat' dir='ltr'><strong>HA.</strong></span> <span class='ocrx_word' id='word_1_280' title='bbox 968 3439 1009 3495; x_wconf 85' lang='lat' dir='ltr'><strong>At</strong></span> <span class='ocrx_word' id='word_1_281' title='bbox 1027 3439 1222 3513; x_wconf 83' lang='lat' dir='ltr'><strong>nequicquam</strong></span> 
     </span>
     <span class='ocr_line' id='line_1_31' title="bbox 99 3535 1221 3617; baseline 0.003 -25"><span class='ocrx_word' id='word_1_282' title='bbox 99 3544 250 3610; x_wconf 78' lang='lat' dir='ltr'><strong>argentum</strong></span> <span class='ocrx_word' id='word_1_283' title='bbox 270 3535 417 3614; x_wconf 83' lang='lat' dir='ltr'><strong>expetit“.</strong></span> <span class='ocrx_word' id='word_1_284' title='bbox 457 3538 584 3597; x_wconf 85' lang='lat' dir='ltr'><strong>Bothius</strong></span> <span class='ocrx_word' id='word_1_285' title='bbox 602 3546 711 3612; x_wconf 85' lang='lat' dir='ltr'><strong>autem,</strong></span> <span class='ocrx_word' id='word_1_286' title='bbox 736 3560 773 3598; x_wconf 87' lang='lat' dir='ltr'><strong>ne</strong></span> <span class='ocrx_word' id='word_1_287' title='bbox 791 3541 963 3598; x_wconf 74' lang='lat' dir='ltr'><strong>octonarius</strong></span> <span class='ocrx_word' id='word_1_288' title='bbox 981 3541 1067 3599; x_wconf 89' lang='lat' dir='ltr'><strong>fieret</strong></span> <span class='ocrx_word' id='word_1_289' title='bbox 1083 3559 1139 3615; x_wconf 91' lang='lat' dir='ltr'><strong>pro</strong></span> <span class='ocrx_word' id='word_1_290' title='bbox 1156 3560 1221 3617; x_wconf 91' lang='lat' dir='ltr'><strong>sep·</strong></span> 
     </span>
     <span class='ocr_line' id='line_1_32' title="bbox 99 3639 1223 3720; baseline 0.004 -26"><span class='ocrx_word' id='word_1_291' title='bbox 99 3640 224 3699; x_wconf 74' lang='lat' dir='ltr'><strong>tonario:</strong></span> <span class='ocrx_word' id='word_1_292' title='bbox 258 3639 342 3713; x_wconf 58' lang='lat' dir='ltr'><strong>„Hm</strong></span> <span class='ocrx_word' id='word_1_293' title='bbox 366 3642 407 3698; x_wconf 87' lang='lat' dir='ltr'><strong>At</strong></span> <span class='ocrx_word' id='word_1_294' title='bbox 428 3642 507 3697; x_wconf 87' lang='lat' dir='ltr'><strong>euim</strong></span> <span class='ocrx_word' id='word_1_295' title='bbox 530 3644 645 3719; x_wconf 84' lang='lat' dir='ltr'><strong>expetit</strong></span> <span class='ocrx_word' id='word_1_296' title='bbox 667 3639 894 3720; x_wconf 83' lang='lat' dir='ltr'><strong>nequicquam“.</strong></span> <span class='ocrx_word' id='word_1_297' title='bbox 940 3643 1005 3719; x_wconf 77' lang='lat' dir='ltr'><strong>Ego</strong></span> <span class='ocrx_word' id='word_1_298' title='bbox 1028 3649 1182 3718; x_wconf 73' lang='lat' dir='ltr'><strong>assumpta</strong></span> <span class='ocrx_word' id='word_1_299' title='bbox 1205 3661 1223 3698; x_wconf 97' lang='lat' dir='ltr'><strong>o</strong></span> 
     </span>
     <span class='ocr_line' id='line_1_33' title="bbox 100 3740 1222 3821; baseline 0.004 -25"><span class='ocrx_word' id='word_1_300' title='bbox 100 3740 206 3814; x_wconf 85' lang='lat' dir='ltr'><strong>littera,</strong></span> <span class='ocrx_word' id='word_1_301' title='bbox 230 3761 295 3819; x_wconf 78' lang='lat' dir='ltr'><strong>qum</strong></span> <span class='ocrx_word' id='word_1_302' title='bbox 317 3743 347 3799; x_wconf 93' lang='lat' dir='ltr'><strong>in</strong></span> <span class='ocrx_word' id='word_1_303' title='bbox 372 3743 445 3800; x_wconf 86' lang='lat' dir='ltr'><strong>Bet</strong></span> <span class='ocrx_word' id='word_1_304' title='bbox 462 3743 487 3800; x_wconf 88' lang='grc' dir='ltr'><strong>Ε</strong></span> <span class='ocrx_word' id='word_1_305' title='bbox 506 3748 618 3802; x_wconf 81' lang='lat' dir='ltr'><strong>exstet:</strong></span> <span class='ocrx_word' id='word_1_306' title='bbox 646 3763 785 3821; x_wconf 86' lang='lat' dir='ltr'><strong>„operam</strong></span> <span class='ocrx_word' id='word_1_307' title='bbox 809 3751 844 3803; x_wconf 89' lang='lat' dir='ltr'><strong>ut</strong></span> <span class='ocrx_word' id='word_1_308' title='bbox 865 3744 927 3819; x_wconf 87' lang='lat' dir='ltr'><strong>det,</strong></span> <span class='ocrx_word' id='word_1_309' title='bbox 950 3744 1032 3804; x_wconf 87' lang='lat' dir='ltr'><strong>aliud</strong></span> <span class='ocrx_word' id='word_1_310' title='bbox 1054 3745 1110 3804; x_wconf 92' lang='lat' dir='ltr'><strong>sibi</strong></span> <span class='ocrx_word' id='word_1_311' title='bbox 1134 3765 1222 3820; x_wconf 80' lang='lat' dir='ltr'><strong>quem</strong></span> 
     </span>
     <span class='ocr_line' id='line_1_34' title="bbox 100 3841 1222 3923; baseline 0.006 -26"><span class='ocrx_word' id='word_1_312' title='bbox 100 3849 247 3918; x_wconf 80' lang='lat' dir='ltr'><strong>argentum</strong></span> <span class='ocrx_word' id='word_1_313' title='bbox 281 3841 427 3922; x_wconf 83' lang='lat' dir='ltr'><strong>expetit“.</strong></span> <span class='ocrx_word' id='word_1_314' title='bbox 461 3873 504 3886; x_wconf 87' lang='grc'><strong>-</strong></span> <span class='ocrx_word' id='word_1_315' title='bbox 544 3847 615 3904; x_wconf 80' lang='grc'><strong>572.</strong></span> <span class='ocrx_word' id='word_1_316' title='bbox 651 3845 726 3906; x_wconf 83' lang='lat' dir='ltr'>Edd.</span> <span class='ocrx_word' id='word_1_317' title='bbox 762 3847 958 3923; x_wconf 87' lang='lat' dir='ltr'><strong>Lampsdioui</strong></span> <span class='ocrx_word' id='word_1_318' title='bbox 992 3847 1070 3905; x_wconf 90' lang='lat' dir='ltr'><strong>hunc</strong></span> <span class='ocrx_word' id='word_1_319' title='bbox 1105 3865 1222 3905; x_wconf 83' lang='lat' dir='ltr'><strong>sarsum</strong></span> 
     </span>
     <span class='ocr_line' id='line_1_35' title="bbox 101 3942 1221 4026; baseline 0.009 -28"><span class='ocrx_word' id='word_1_320' title='bbox 101 3942 213 4004; x_wconf 82' lang='lat' dir='ltr'><strong>dantes:</strong></span> <span class='ocrx_word' id='word_1_321' title='bbox 240 3947 309 4019; x_wconf 85' lang='lat' dir='ltr'><strong>„ille</strong></span> <span class='ocrx_word' id='word_1_322' title='bbox 331 3947 463 4023; x_wconf 83' lang='lat' dir='ltr'><strong>quidem,</strong></span> <span class='ocrx_word' id='word_1_323' title='bbox 487 3948 603 4019; x_wconf 88' lang='lat' dir='ltr'><strong>mulier,</strong></span> <span class='ocrx_word' id='word_1_324' title='bbox 626 3951 657 4008; x_wconf 90' lang='lat' dir='ltr'><strong>iu</strong></span> <span class='ocrx_word' id='word_1_325' title='bbox 676 3949 757 4007; x_wconf 88' lang='lat' dir='ltr'><strong>nulls</strong></span> <span class='ocrx_word' id='word_1_326' title='bbox 774 3946 1017 4026; x_wconf 75' lang='lat' dir='ltr'><strong>operngratuita</strong></span> <span class='ocrx_word' id='word_1_327' title='bbox 1034 3946 1111 4020; x_wconf 86' lang='lat' dir='ltr'><strong>sst“,</strong></span> <span class='ocrx_word' id='word_1_328' title='bbox 1136 3952 1221 4025; x_wconf 88' lang='lat' dir='ltr'><strong>quasi</strong></span> 
     </span>
     <span class='ocr_line' id='line_1_36' title="bbox 100 4045 1221 4128; baseline 0.008 -29"><span class='ocrx_word' id='word_1_329' title='bbox 100 4045 238 4106; x_wconf 87' lang='lat' dir='ltr'><strong>eiusmodi</strong></span> <span class='ocrx_word' id='word_1_330' title='bbox 262 4049 361 4107; x_wconf 80' lang='lat' dir='ltr'><strong>serbis</strong></span> <span class='ocrx_word' id='word_1_331' title='bbox 384 4049 553 4122; x_wconf 82' lang='lat' dir='ltr'><strong>siguificare</strong></span> <span class='ocrx_word' id='word_1_332' title='bbox 576 4057 687 4126; x_wconf 89' lang='lat' dir='ltr'><strong>posset,</strong></span> <span class='ocrx_word' id='word_1_333' title='bbox 711 4071 742 4108; x_wconf 92' lang='grc'><strong>00</strong></span> <span class='ocrx_word' id='word_1_334' title='bbox 766 4051 840 4108; x_wconf 89' lang='lat' dir='ltr'><strong>nihil</strong></span> <span class='ocrx_word' id='word_1_335' title='bbox 862 4053 958 4128; x_wconf 80' lang='lat' dir='ltr'><strong>gratis</strong></span> <span class='ocrx_word' id='word_1_336' title='bbox 977 4052 1084 4109; x_wconf 85' lang='lat' dir='ltr'><strong>iacere.</strong></span> <span class='ocrx_word' id='word_1_337' title='bbox 1126 4050 1221 4109; x_wconf 90' lang='lat' dir='ltr'><strong>Immo</strong></span> 
     </span>
     <span class='ocr_line' id='line_1_37' title="bbox 101 4144 1220 4229; baseline 0.005 -27"><span class='ocrx_word' id='word_1_338' title='bbox 101 4144 219 4208; x_wconf 74' lang='lat' dir='ltr'><strong>Heliseus</strong></span> <span class='ocrx_word' id='word_1_339' title='bbox 241 4150 334 4208; x_wconf 84' lang='lat' dir='ltr'><strong>verba</strong></span> <span class='ocrx_word' id='word_1_340' title='bbox 356 4155 426 4208; x_wconf 90' lang='lat' dir='ltr'><strong>suut</strong></span> <span class='ocrx_word' id='word_1_341' title='bbox 448 4153 668 4229; x_wconf 85' lang='lat' dir='ltr'><strong>promittentia,</strong></span> <span class='ocrx_word' id='word_1_342' title='bbox 699 4173 835 4229; x_wconf 80' lang='lat' dir='ltr'><strong>operam,</strong></span> <span class='ocrx_word' id='word_1_343' title='bbox 869 4173 935 4229; x_wconf 76' lang='lat' dir='ltr'><strong>qum</strong></span> <span class='ocrx_word' id='word_1_344' title='bbox 963 4153 1021 4210; x_wconf 90' lang='lat' dir='ltr'><strong>sibi</strong></span> <span class='ocrx_word' id='word_1_345' title='bbox 1050 4158 1220 4228; x_wconf 69' lang='lat' dir='ltr'><strong>prestetur,</strong></span> 
     </span>
     <span class='ocr_line' id='line_1_38' title="bbox 102 4251 1219 4333; baseline 0.007 -29"><span class='ocrx_word' id='word_1_346' title='bbox 102 4263 153 4305; x_wconf 88' lang='lat' dir='ltr'><strong>uon</strong></span> <span class='ocrx_word' id='word_1_347' title='bbox 174 4252 332 4329; x_wconf 70' lang='lat' dir='ltr'><strong>gratuitam</strong></span> <span class='ocrx_word' id='word_1_348' title='bbox 356 4251 428 4310; x_wconf 81' lang='lat' dir='ltr'><strong>fors.</strong></span> <span class='ocrx_word' id='word_1_349' title='bbox 472 4266 643 4332; x_wconf 76' lang='lat' dir='ltr'><strong>numquam</strong></span> <span class='ocrx_word' id='word_1_350' title='bbox 667 4253 778 4328; x_wconf 85' lang='lat' dir='ltr'><strong>addidi,</strong></span> <span class='ocrx_word' id='word_1_351' title='bbox 803 4255 938 4333; x_wconf 82' lang='lat' dir='ltr'><strong>quemvis</strong></span> <span class='ocrx_word' id='word_1_352' title='bbox 957 4255 1064 4314; x_wconf 79' lang='lat' dir='ltr'><strong>lacuna</strong></span> <span class='ocrx_word' id='word_1_353' title='bbox 1082 4255 1111 4311; x_wconf 92' lang='lat' dir='ltr'><strong>iu</strong></span> <span class='ocrx_word' id='word_1_354' title='bbox 1132 4252 1219 4312; x_wconf 89' lang='lat' dir='ltr'><strong>codd.</strong></span> 
     </span>
    </p>
   </div>
   <div class='ocr_carea' id='block_1_5' title="bbox 0 0 1496 5012">
    <p class='ocr_par' dir='ltr' id='par_1_5' title="bbox 0 0 1496 5012">
     <span class='ocr_line' id='line_1_39' title="bbox 0 0 1496 5012; baseline 0 0"><span class='ocrx_word' id='word_1_355' title='bbox 0 0 1496 5012; x_wconf 95' lang='lat' dir='ltr'><strong> </strong></span> 
     </span>
    </p>
   </div>
  </div>
 </body>
</html>
