2976 5018
230 292 290 352 168
733 283 841 340 (lesina

227 481 264 539 de
291 500 351 558 quo
380 479 440 541 vid.
464 481 596 539 Studem.
619 481 696 540 Anu.
720 479 794 557 phil.
817 478 913 538 XCIII
940 499 970 557 p.
995 483 1044 540 59.
1079 509 1121 520 -
1154 480 1199 539 De
1227 473 1340 540 baalis

227 604 254 642 v.
279 583 317 642 ad
338 583 407 641 Aul.
432 584 502 640 400.
536 613 573 622 -
604 585 674 642 903.
703 575 807 642 Immo
834 583 940 659 scripsi
963 603 1018 660 pro
1043 579 1123 658 „iu“.
1170 582 1265 659 Gepp.
1287 583 1341 640 aeni

228 686 289 743 haro
311 683 432 742 tribuit:
471 686 567 758 „Quin
589 685 621 744 id
642 686 708 744 lieri
731 704 789 743 non
811 681 952 763 potest?“
984 715 1024 724 —
1054 687 1125 745 904.
1161 687 1195 743 ln
1218 689 1342 742 extremo

227 807 314 846 versu
337 787 452 862 antiqui
474 786 556 846 edd:
592 789 710 866 „palam
727 784 804 860 est“,
828 786 961 846 Studem.
979 785 1065 846 Stud.
1084 787 1098 846 1
1115 810 1144 866 p.
1166 789 1205 847 36
1225 785 1343 844 duoeA:

229 888 342 966 „palles
370 885 476 947 male“.
534 889 594 948 Sed
623 889 778 965 Myrrhina
806 889 1002 948 Cleostratam
1037 890 1215 966 alloquitur3
1250 890 1347 962 itaque

221 985 322 1068 pallet
343 983 423 1050 malt
445 990 642 1050 scribendum.
671 1023 713 1032 —
747 991 818 1051 Post
840 991 868 1049 h.
892 1011 918 1050 v.
943 1010 1048 1050 novem
1078 1011 1183 1051 versus
1212 991 1243 1048 in
1265 988 1345 1048 oodd.

227 1095 334 1154 ueteris
362 1096 511 1170 scriptura
538 1100 658 1168 vacant,
693 1096 722 1152 in
751 1094 779 1151 A
805 1093 999 1152 Studemund.
1028 1093 1094 1152 Iud.
1123 1092 1215 1152 sohel.
1240 1091 1347 1168 (tryph.

231 1196 398 1256 leti-72
416 1214 445 1272 p.
462 1197 498 1254 15
517 1196 666 1254 intellexit
681 1202 748 1254 oeto
767 1197 955 1272 septenarios
977 1197 1078 1269 fnisse,
1102 1215 1230 1273 quornm
1252 1198 1350 1252 sextus

227 1303 353 1375 propter
379 1297 598 1374 longitudinem
627 1297 787 1375 bipertitus
813 1298 914 1357 fuerit.
970 1298 1107 1358 Priorum
1135 1315 1239 1376 pausas
1261 1303 1292 1353 et
1309 1295 1350 1352 iu·

228 1404 317 1458 certae
350 1399 487 1476 reliquias
521 1407 742 1476 apparuerunt3
776 1400 912 1458 ultimum
942 1399 1020 1459 huno
1048 1401 1138 1458 luisse
1168 1399 1351 1475 suspicatur:

231 1493 294 1574 Qut
320 1495 415 1560 etiam
442 1515 490 1560 ate
517 1497 668 1560 maetam
693 1494 851 1573 famosam
877 1494 954 1573 feeit
982 1495 1115 1577 flopitiia
1147 1494 1233 1574 auis,
1267 1517 1353 1575 quem

228 1601 343 1661 Nonius
365 1623 395 1680 p.
421 1605 480 1663 305
505 1625 540 1662 ex
562 1605 701 1662 Asinaria
723 1602 817 1663 affert.
876 1602 1011 1678 „Verba“
1036 1606 1134 1681 iuquit
1159 1604 1241 1677 „sine
1264 1600 1354 1659 dubio

229 1704 416 1781 Olympionis
442 1712 513 1766 sunt
540 1706 578 1766 ad
606 1706 796 1783 Lysidamom
831 1726 986 1778 conversa,
1020 1725 1085 1782 quea
1119 1707 1155 1764 ab
1189 1706 1246 1764 hoc
1278 1697 1355 1762 Non

231 1800 337 1866 laces?
364 1807 465 1866 verbis
487 1811 675 1885 excipiuntur
697 1810 759 1868 sive
781 1810 883 1886 potius
905 1803 1194 1886 interrumpuntur“.
1217 1835 1260 1844 —
1282 1805 1354 1864 913.

228 1923 378 1968 maxumo
400 1915 432 1967 et
452 1912 483 1969 iu
506 1913 642 1990 proximo
659 1930 748 1970 versu
767 1925 858 1987 opere
874 1910 954 1969 Cain.
968 1931 1023 1970 em.
1038 1939 1078 1950 -
1096 1911 1168 1968 915.
1192 1907 1355 1966 Edebatur:

233 2009 313 2084 „LY.
338 2011 395 2072 Tui
417 2014 525 2072 amoris
547 2034 635 2073 eausa
657 2032 712 2090 ego
734 2015 812 2071 istnc
834 2012 899 2071 leci.
933 2013 992 2072 CL.
1016 2012 1110 2070 Immo
1128 2010 1227 2068 herole
1243 2003 1356 2080 illins“,

230 2114 282 2172 ubi
304 2114 425 2173 saltem:
461 2116 573 2190 „Immo
594 2119 639 2174 tui
662 2111 774 2192 ipsius“
800 2114 955 2174 dicendum
978 2119 1052 2174 erat.
1103 2112 1162 2173 Sed
1185 2113 1216 2170 in
1238 2112 1266 2169 A
1286 2130 1355 2188 spa·

229 2217 305 2274 tium
330 2223 374 2274 est
397 2222 465 2276 ante
487 2233 555 2294 690,
590 2225 625 2276 ut
654 2218 702 2277 hie
731 2237 840 2298 novum¹
862 2237 1026 2276 sermonem
1049 2218 1179 2292 incipere
1201 2219 1356 2290 appareat.

232 2317 301 2375 Hae
323 2337 394 2395 ergo
422 2318 574 2395 Lysidami
602 2322 798 2397 interrogatio
830 2325 884 2378 ost.
940 2319 1015 2377 Tum
1037 2322 1078 2377 A:
1112 2313 1242 2377 ecastor.
1298 2313 1356 2372 Pro

234 2416 353 2494 „illius“
379 2425 476 2478 eutem
496 2420 590 2499 Gepp.
612 2424 731 2499 „pius“‚
753 2421 833 2498 quod
855 2441 913 2481 non
936 2422 1081 2497 intelligo,
1106 2440 1176 2498 ego:
1193 2413 1299 2494 priua,
1324 2424 1357 2475 ut

231 2522 399 2581 Cleostrata
422 2523 510 2596 dicat,
539 2544 570 2582 ee
599 2528 657 2584 iam
687 2529 757 2584 aute
785 2544 873 2601 quam
896 2525 1104 2600 Olympionem
1127 2523 1300 2582 hortaretur
1324 2523 1358 2577 ut

232 2623 369 2682 Casinam
392 2631 538 2703 posuerat,
561 2645 692 2686 amorem
715 2629 779 2687 eius
801 2630 832 2686 in
850 2621 987 2686 Casinam
1009 2627 1119 2686 vidisse
1138 2631 1169 2682 et
1184 2629 1357 2701 precantem

232 2729 423 2804 oppressisse.
451 2757 486 2766 -
514 2730 585 2787 916.
608 2725 753 2804 oppressi
774 2729 855 2788 Cam.
906 2723 970 2790 Sed
992 2749 1055 2806 ego.
1109 2726 1225 2802 „diots“
1247 2727 1360 2786 delevit

233 2828 324 2888 Weis.
349 2860 389 2870 -
413 2832 483 2890 918.
508 2826 540 2890 si
562 2827 617 2907 qui
638 2831 674 2890 A.
698 2861 740 2871 -
769 2825 911 2905 Μοὺθ,
943 2831 1053 2908 alapis3
1082 2851 1175 2907 quare
1198 2831 1360 2907 respondet

233 2931 419 3008 Lysidamus,
441 2953 472 2992 se
494 2935 596 3010 potius
619 2954 836 3006 consessurum,
860 2940 894 2992 ut
915 2934 997 2994 dieat
1014 2955 1045 2992 ee
1065 2953 1135 2994 vera
1153 2953 1217 2990 esse
1238 2932 1360 2990 eredere

235 3052 300 3109 quae
322 3035 379 3093 sibi
402 3034 554 3094 obiiciant.
586 3065 622 3076 -
655 3039 726 3097 920.
756 3037 879 3096 Numeri
901 3037 951 3096 vix
973 3039 1046 3094 sani.
1070 3035 1209 3093 Mueller.
1235 3032 1357 3092 Prosod.

233 3156 263 3212 p.
289 3136 364 3194 3⁷8:
402 3135 480 3210 „Sed
502 3159 585 3213 uxor,
609 3144 660 3199 tuo
683 3141 750 3197 uiro
772 3140 848 3198 hane
871 3139 910 3197 da
931 3136 1080 3211 ueniam“‚
1105 3158 1175 3215 ego:
1214 3137 1295 3209 „Sed
1317 3142 1357 3204 tu,

233 3255 318 3310 uxor,
346 3238 412 3296 uiro
436 3237 474 3296 da
495 3239 524 3299 h.
548 3237 596 3301 u.“
627 3271 669 3284 -
698 3244 769 3300 922.
800 3241 858 3300 Pro
885 3236 938 3302 Ne
960 3241 1076 3317 antiqui
1098 3239 1165 3299 edd.
1192 3233 1355 3315 „Nedum“.

234 3338 361 3400 Gronov.
384 3346 466 3398 reete
494 3343 703 3404 animadvertit
730 3345 786 3402 hae
808 3346 991 3404 eorreetione
1014 3363 1090 3422 opus
1112 3362 1172 3401 nen
1195 3361 1269 3416 esse,
1293 3359 1358 3400 nam

237 3439 312 3516 „ne“
350 3441 454 3500 eadem
487 3445 517 3501 vi
548 3448 637 3522 poni,
679 3445 716 3506 ol.
750 3446 788 3506 ad
817 3447 918 3505 Aulul.
947 3446 1020 3504 426.
1083 3443 1142 3503 Sed
1179 3443 1357 3502 indioatirus

235 3545 322 3622 sequi
348 3565 409 3604 nou
441 3550 548 3622 potest.
616 3539 843 3609 Animadvertit
875 3550 966 3607 etiam
994 3545 1163 3623 Madvigius
1193 3545 1303 3624 Opnse.
1331 3543 1358 3601 lI
1466 3579 1467 3596 2

235 3667 265 3724 p.
290 3648 327 3704 81
353 3666 411 3706 non
437 3646 581 3721 „nedum“
613 3649 661 3709 hio
685 3653 806 3727 requiri,
838 3650 892 3709 sed
917 3669 996 3726 „non
1019 3646 1138 3708 modo“.
1183 3647 1245 3706 Nos
1267 3649 1358 3723 igitur

236 3767 301 3807 oum
324 3748 477 3826 Madvigio
507 3771 625 3810 versum
655 3753 788 3828 spurium
817 3751 974 3825 habemus,
1009 3771 1042 3810 ae
1069 3753 1128 3810 iam
1151 3752 1358 3812 Taubmannns

236 3849 448 3926 adnotaverat,
493 3855 518 3912 si
557 3850 648 3928 absit,
694 3855 768 3914 nihil
808 3856 913 3916 deesse
952 3853 1114 3914 sententiae.
1151 3882 1188 3892 -
1225 3855 1296 3912 924.
1329 3843 1357 3908 ti

236 3952 340 4012 addidi
373 3973 475 4013 versus
515 3975 617 4030 oausa;
657 3955 793 4015 Mueller.
832 3952 1015 4030 „moenum
1056 3956 1161 4016 voluit.
1223 3954 1295 4014 Post
1324 3947 1359 4010 ul

238 4052 342 4113 addidi
380 4054 429 4127 tw,
472 4057 561 4132 vulgo
602 4053 684 4132 „nti“
720 4057 835 4131 editur,
881 4058 962 4135 quod
999 4057 1152 4135 improbat
1189 4057 1296 4116 Luchs.
1329 4054 1356 4110 in

237 4157 371 4218 Studem.
395 4155 480 4216 stud.
505 4156 519 4215 l
545 4179 576 4235 p.
607 4161 662 4218 25:
696 4159 722 4218 ia
755 4161 831 4220 oeni.
862 4162 998 4234 „neniam
1030 4159 1107 4218 hano
1140 4157 1266 4217 dandam
1299 4151 1352 4226 ei“‚
