<?xml version="1.0" encoding="UTF-8"?>
<!DOCTYPE html PUBLIC "-//W3C//DTD XHTML 1.0 Transitional//EN"
    "http://www.w3.org/TR/xhtml1/DTD/xhtml1-transitional.dtd">
<html xmlns="http://www.w3.org/1999/xhtml" xml:lang="en" lang="en">
 <head>
  <title>
</title>
<meta http-equiv="Content-Type" content="text/html;charset=utf-8" />
  <meta name='ocr-system' content='tesseract 3.04.00' />
  <meta name='ocr-capabilities' content='ocr_page ocr_carea ocr_par ocr_line ocrx_word'/>
</head>
<body>
  <div class='ocr_page' id='page_1' title='image "./tmacciiplautico03ussigoog_0167.png"; bbox 0 0 2976 5018; ppageno 0'>
   <div class='ocr_carea' id='block_1_1' title="bbox 207 332 831 400">
    <p class='ocr_par' dir='ltr' id='par_1_1' title="bbox 207 332 831 400">
     <span class='ocr_line' id='line_1_1' title="bbox 207 332 831 400; baseline 0.002 -13"><span class='ocrx_word' id='word_1_1' title='bbox 207 341 267 400; x_wconf 80' lang='grc'><strong>156</strong></span> <span class='ocrx_word' id='word_1_2' title='bbox 723 332 831 388; x_wconf 75' lang='lat' dir='ltr'><strong>euius</strong></span> 
     </span>
    </p>
   </div>
   <div class='ocr_carea' id='block_1_2' title="bbox 197 525 1333 1730">
    <p class='ocr_par' dir='ltr' id='par_1_2' title="bbox 197 525 1333 1730">
     <span class='ocr_line' id='line_1_2' title="bbox 204 525 1331 608; baseline -0.008 -18"><span class='ocrx_word' id='word_1_3' title='bbox 204 529 443 608; x_wconf 75' lang='lat' dir='ltr'><strong>comparationis,</strong></span> <span class='ocrx_word' id='word_1_4' title='bbox 468 550 494 587; x_wconf 82' lang='lat' dir='ltr'><strong>v.</strong></span> <span class='ocrx_word' id='word_1_5' title='bbox 509 530 546 589; x_wconf 96' lang='grc'><strong>66</strong></span> <span class='ocrx_word' id='word_1_6' title='bbox 560 529 667 605; x_wconf 79' lang='lat' dir='ltr'><strong>Amph.</strong></span> <span class='ocrx_word' id='word_1_7' title='bbox 682 529 753 586; x_wconf 79' lang='lat'>289.</span> <span class='ocrx_word' id='word_1_8' title='bbox 766 555 809 568; x_wconf 94' lang='lat'><em>-</em></span> <span class='ocrx_word' id='word_1_9' title='bbox 828 525 878 605; x_wconf 84' lang='lat' dir='ltr'><strong>Sp.</strong></span> <span class='ocrx_word' id='word_1_10' title='bbox 903 533 937 584; x_wconf 87' lang='lat' dir='ltr'><strong>ut</strong></span> <span class='ocrx_word' id='word_1_11' title='bbox 955 527 1101 602; x_wconf 72' lang='lat' dir='ltr'><strong>integrum</strong></span> <span class='ocrx_word' id='word_1_12' title='bbox 1121 531 1331 584; x_wconf 84' lang='lat' dir='ltr'><strong>tetrametrum</strong></span> 
     </span>
     <span class='ocr_line' id='line_1_3' title="bbox 205 621 1333 704; baseline -0.004 -14"><span class='ocrx_word' id='word_1_13' title='bbox 205 633 303 704; x_wconf 82' lang='lat' dir='ltr'><strong>faciat,</strong></span> <span class='ocrx_word' id='word_1_14' title='bbox 330 633 435 704; x_wconf 79' lang='lat' dir='ltr'><strong>„nimis</strong></span> <span class='ocrx_word' id='word_1_15' title='bbox 458 629 572 689; x_wconf 81' lang='lat' dir='ltr'><strong>fecete“</strong></span> <span class='ocrx_word' id='word_1_16' title='bbox 593 631 712 704; x_wconf 80' lang='lat' dir='ltr'><strong>acribit3</strong></span> <span class='ocrx_word' id='word_1_17' title='bbox 737 629 783 688; x_wconf 86' lang='lat' dir='ltr'><strong>Fl.</strong></span> <span class='ocrx_word' id='word_1_18' title='bbox 805 629 902 702; x_wconf 85' lang='grc'><strong>,6666</strong></span> <span class='ocrx_word' id='word_1_19' title='bbox 920 625 1026 687; x_wconf 84' lang='lat' dir='ltr'><strong>nunc“.</strong></span> <span class='ocrx_word' id='word_1_20' title='bbox 1046 657 1087 670; x_wconf 94' lang='lat'><strong>--</strong></span> <span class='ocrx_word' id='word_1_21' title='bbox 1101 629 1172 687; x_wconf 93' lang='grc'><strong>658.</strong></span> <span class='ocrx_word' id='word_1_22' title='bbox 1195 621 1270 686; x_wconf 68' lang='lat' dir='ltr'><strong>haec</strong></span> <span class='ocrx_word' id='word_1_23' title='bbox 1292 643 1333 685; x_wconf 69' lang='lat' dir='ltr'><strong>ex</strong></span> 
     </span>
     <span class='ocr_line' id='line_1_4' title="bbox 197 729 1330 809; baseline -0.007 -16"><span class='ocrx_word' id='word_1_24' title='bbox 197 749 365 809; x_wconf 68' lang='lat' dir='ltr'><strong>proteum,</strong></span> <span class='ocrx_word' id='word_1_25' title='bbox 378 736 483 804; x_wconf 83' lang='lat' dir='ltr'><strong>vicina,</strong></span> <span class='ocrx_word' id='word_1_26' title='bbox 496 735 636 792; x_wconf 84' lang='lat' dir='ltr'><strong>Alcesimi</strong></span> <span class='ocrx_word' id='word_1_27' title='bbox 649 751 732 790; x_wconf 87' lang='lat' dir='ltr'><strong>uxor.</strong></span> <span class='ocrx_word' id='word_1_28' title='bbox 765 732 810 790; x_wconf 90' lang='lat' dir='ltr'><strong>De</strong></span> <span class='ocrx_word' id='word_1_29' title='bbox 822 731 926 790; x_wconf 81' lang='lat' dir='ltr'><strong>ordine</strong></span> <span class='ocrx_word' id='word_1_30' title='bbox 944 732 1101 790; x_wconf 83' lang='lat' dir='ltr'><strong>verborum</strong></span> <span class='ocrx_word' id='word_1_31' title='bbox 1120 731 1157 788; x_wconf 83' lang='grc'><strong>61.</strong></span> <span class='ocrx_word' id='word_1_32' title='bbox 1171 729 1208 788; x_wconf 87' lang='grc'><strong>66</strong></span> <span class='ocrx_word' id='word_1_33' title='bbox 1220 729 1330 805; x_wconf 79' lang='lat' dir='ltr'><strong>Amph.</strong></span> 
     </span>
     <span class='ocr_line' id='line_1_5' title="bbox 205 831 1330 912; baseline -0.005 -18"><span class='ocrx_word' id='word_1_34' title='bbox 205 839 275 894; x_wconf 80' lang='lat'>290.</span> <span class='ocrx_word' id='word_1_35' title='bbox 304 833 543 912; x_wconf 78' lang='lat' dir='ltr'><strong>„procuderunt“</strong></span> <span class='ocrx_word' id='word_1_36' title='bbox 570 835 732 894; x_wconf 80' lang='lat' dir='ltr'><strong>Acidaliae.</strong></span> <span class='ocrx_word' id='word_1_37' title='bbox 757 865 798 875; x_wconf 94' lang='lat'>-</span> <span class='ocrx_word' id='word_1_38' title='bbox 828 835 899 892; x_wconf 89' lang='grc'><strong>660.</strong></span> <span class='ocrx_word' id='word_1_39' title='bbox 928 849 968 892; x_wconf 71' lang='lat' dir='ltr'><strong>eoe</strong></span> <span class='ocrx_word' id='word_1_40' title='bbox 992 831 1019 891; x_wconf 72' lang='lat' dir='ltr'><strong>te</strong></span> <span class='ocrx_word' id='word_1_41' title='bbox 1041 833 1179 910; x_wconf 83' lang='lat' dir='ltr'><strong>Kampm.</strong></span> <span class='ocrx_word' id='word_1_42' title='bbox 1203 863 1244 873; x_wconf 94' lang='lat'>-</span> <span class='ocrx_word' id='word_1_43' title='bbox 1268 833 1330 888; x_wconf 76' lang='grc'><strong>662</strong></span> 
     </span>
     <span class='ocr_line' id='line_1_6' title="bbox 203 931 1329 1014; baseline -0.004 -18"><span class='ocrx_word' id='word_1_44' title='bbox 203 944 237 996; x_wconf 91' lang='grc'><strong>66</strong></span> <span class='ocrx_word' id='word_1_45' title='bbox 258 944 435 998; x_wconf 72' lang='lat' dir='ltr'><strong>tetrameter</strong></span> <span class='ocrx_word' id='word_1_46' title='bbox 457 937 631 996; x_wconf 85' lang='grc'><strong>6666616666</strong></span> <span class='ocrx_word' id='word_1_47' title='bbox 653 935 753 1008; x_wconf 86' lang='lat' dir='ltr'><strong>lieret,</strong></span> <span class='ocrx_word' id='word_1_48' title='bbox 782 941 852 1014; x_wconf 91' lang='lat' dir='ltr'><strong>post</strong></span> <span class='ocrx_word' id='word_1_49' title='bbox 879 931 992 1008; x_wconf 81' lang='lat' dir='ltr'><strong>„nunc“</strong></span> <span class='ocrx_word' id='word_1_50' title='bbox 1019 935 1042 994; x_wconf 84' lang='lat' dir='ltr'>F</span> <span class='ocrx_word' id='word_1_51' title='bbox 1045 935 1165 994; x_wconf 82' lang='lat' dir='ltr'><strong>leckeis.</strong></span> <span class='ocrx_word' id='word_1_52' title='bbox 1192 932 1329 1006; x_wconf 78' lang='lat' dir='ltr'><strong>„istunc“</strong></span> 
     </span>
     <span class='ocr_line' id='line_1_7' title="bbox 203 1036 1333 1118; baseline -0.004 -18"><span class='ocrx_word' id='word_1_53' title='bbox 203 1041 328 1113; x_wconf 82' lang='lat' dir='ltr'><strong>eddidit,</strong></span> <span class='ocrx_word' id='word_1_54' title='bbox 352 1041 461 1118; x_wconf 78' lang='lat' dir='ltr'><strong>Speng.</strong></span> <span class='ocrx_word' id='word_1_55' title='bbox 478 1037 614 1112; x_wconf 76' lang='lat' dir='ltr'><strong>„enum“.</strong></span> <span class='ocrx_word' id='word_1_56' title='bbox 660 1039 771 1098; x_wconf 87' lang='lat' dir='ltr'><strong>Locum</strong></span> <span class='ocrx_word' id='word_1_57' title='bbox 789 1038 876 1097; x_wconf 84' lang='lat' dir='ltr'><strong>affert</strong></span> <span class='ocrx_word' id='word_1_58' title='bbox 888 1038 1001 1097; x_wconf 80' lang='lat' dir='ltr'>Gellius</span> <span class='ocrx_word' id='word_1_59' title='bbox 1018 1037 1042 1110; x_wconf 94' lang='grc' dir='ltr'><strong>Ι,</strong></span> <span class='ocrx_word' id='word_1_60' title='bbox 1062 1039 1089 1111; x_wconf 93' lang='grc'><strong>7,</strong></span> <span class='ocrx_word' id='word_1_61' title='bbox 1106 1039 1159 1097; x_wconf 85' lang='grc'><strong>11;</strong></span> <span class='ocrx_word' id='word_1_62' title='bbox 1187 1036 1333 1109; x_wconf 85' lang='grc' dir='ltr'><strong>,Ρ166666</strong></span> 
     </span>
     <span class='ocr_line' id='line_1_8' title="bbox 203 1139 1331 1220; baseline -0.004 -20"><span class='ocrx_word' id='word_1_63' title='bbox 203 1147 233 1202; x_wconf 91' lang='grc'><strong>16</strong></span> <span class='ocrx_word' id='word_1_64' title='bbox 256 1143 374 1216; x_wconf 76' lang='lat' dir='ltr'><strong>Casina,</strong></span> <span class='ocrx_word' id='word_1_65' title='bbox 398 1162 463 1202; x_wconf 90' lang='lat' dir='ltr'><strong>cum</strong></span> <span class='ocrx_word' id='word_1_66' title='bbox 486 1142 522 1198; x_wconf 90' lang='lat' dir='ltr'><strong>de</strong></span> <span class='ocrx_word' id='word_1_67' title='bbox 545 1142 645 1220; x_wconf 92' lang='lat' dir='ltr'><strong>puella</strong></span> <span class='ocrx_word' id='word_1_68' title='bbox 666 1143 850 1218; x_wconf 84' lang='lat' dir='ltr'><strong>loqueretur,</strong></span> <span class='ocrx_word' id='word_1_69' title='bbox 872 1143 1036 1200; x_wconf 86' lang='lat' dir='ltr'><strong>occisurum</strong></span> <span class='ocrx_word' id='word_1_70' title='bbox 1059 1139 1145 1212; x_wconf 83' lang='lat' dir='ltr'><strong>dixit,</strong></span> <span class='ocrx_word' id='word_1_71' title='bbox 1169 1159 1230 1198; x_wconf 89' lang='lat' dir='ltr'><strong>nou</strong></span> <span class='ocrx_word' id='word_1_72' title='bbox 1252 1140 1331 1197; x_wconf 84' lang='lat' dir='ltr'><strong>oeci·</strong></span> 
     </span>
     <span class='ocr_line' id='line_1_9' title="bbox 202 1241 1333 1320; baseline -0.004 -17"><span class='ocrx_word' id='word_1_73' title='bbox 202 1265 312 1317; x_wconf 82' lang='lat' dir='ltr'><strong>surum,</strong></span> <span class='ocrx_word' id='word_1_74' title='bbox 336 1244 382 1302; x_wconf 85' lang='lat' dir='ltr'><strong>his</strong></span> <span class='ocrx_word' id='word_1_75' title='bbox 404 1246 517 1305; x_wconf 82' lang='lat' dir='ltr'><strong>verbis:</strong></span> <span class='ocrx_word' id='word_1_76' title='bbox 546 1245 683 1302; x_wconf 77' lang='lat' dir='ltr'><strong>Etiamne</strong></span> <span class='ocrx_word' id='word_1_77' title='bbox 706 1243 795 1302; x_wconf 92' lang='grc'><strong>66666</strong></span> <span class='ocrx_word' id='word_1_78' title='bbox 817 1243 925 1302; x_wconf 84' lang='lat' dir='ltr'><strong>Casina</strong></span> <span class='ocrx_word' id='word_1_79' title='bbox 946 1241 1102 1320; x_wconf 80' lang='lat' dir='ltr'><strong>gladium?</strong></span> <span class='ocrx_word' id='word_1_80' title='bbox 1147 1243 1255 1313; x_wconf 82' lang='lat' dir='ltr'><strong>Habet,</strong></span> <span class='ocrx_word' id='word_1_81' title='bbox 1278 1241 1333 1299; x_wconf 89' lang='lat' dir='ltr'><strong>sed</strong></span> 
     </span>
     <span class='ocr_line' id='line_1_10' title="bbox 203 1343 1329 1418; baseline -0.003 -14"><span class='ocrx_word' id='word_1_82' title='bbox 203 1345 287 1404; x_wconf 90' lang='lat' dir='ltr'><strong>duos.</strong></span> <span class='ocrx_word' id='word_1_83' title='bbox 333 1345 413 1418; x_wconf 78' lang='lat' dir='ltr'><strong>Quid</strong></span> <span class='ocrx_word' id='word_1_84' title='bbox 436 1346 531 1406; x_wconf 83' lang='lat' dir='ltr'><strong>duce?</strong></span> <span class='ocrx_word' id='word_1_85' title='bbox 576 1347 680 1405; x_wconf 84' lang='lat' dir='ltr'><strong>Altero</strong></span> <span class='ocrx_word' id='word_1_86' title='bbox 708 1352 737 1402; x_wconf 88' lang='lat' dir='ltr'><strong>te</strong></span> <span class='ocrx_word' id='word_1_87' title='bbox 766 1348 933 1404; x_wconf 85' lang='lat' dir='ltr'><strong>occisurum</strong></span> <span class='ocrx_word' id='word_1_88' title='bbox 961 1347 1019 1418; x_wconf 89' lang='lat' dir='ltr'><strong>sit,</strong></span> <span class='ocrx_word' id='word_1_89' title='bbox 1050 1344 1146 1403; x_wconf 87' lang='lat' dir='ltr'><strong>altero</strong></span> <span class='ocrx_word' id='word_1_90' title='bbox 1174 1343 1329 1402; x_wconf 85' lang='lat' dir='ltr'><strong>vilicnm“.</strong></span> 
     </span>
     <span class='ocr_line' id='line_1_11' title="bbox 202 1447 1329 1526; baseline -0.003 -20"><span class='ocrx_word' id='word_1_91' title='bbox 202 1447 259 1520; x_wconf 78' lang='lat' dir='ltr'><strong>Qui</strong></span> <span class='ocrx_word' id='word_1_92' title='bbox 283 1451 355 1526; x_wconf 91' lang='lat' dir='ltr'><strong>quin</strong></span> <span class='ocrx_word' id='word_1_93' title='bbox 378 1469 510 1508; x_wconf 90' lang='lat' dir='ltr'><strong>errorem</strong></span> <span class='ocrx_word' id='word_1_94' title='bbox 533 1449 724 1508; x_wconf 75' lang='lat' dir='ltr'><strong>librariorum</strong></span> <span class='ocrx_word' id='word_1_95' title='bbox 742 1469 798 1526; x_wconf 93' lang='lat' dir='ltr'><strong>pro</strong></span> <span class='ocrx_word' id='word_1_96' title='bbox 816 1467 887 1507; x_wconf 85' lang='lat' dir='ltr'><strong>rara</strong></span> <span class='ocrx_word' id='word_1_97' title='bbox 904 1449 1055 1526; x_wconf 83' lang='lat' dir='ltr'><strong>scriptura</strong></span> <span class='ocrx_word' id='word_1_98' title='bbox 1071 1447 1221 1518; x_wconf 75' lang='lat' dir='ltr'><strong>babuerit,</strong></span> <span class='ocrx_word' id='word_1_99' title='bbox 1244 1449 1329 1521; x_wconf 85' lang='lat' dir='ltr'><strong>equi·</strong></span> 
     </span>
     <span class='ocr_line' id='line_1_12' title="bbox 203 1551 1332 1626; baseline -0.002 -17"><span class='ocrx_word' id='word_1_100' title='bbox 203 1551 270 1609; x_wconf 89' lang='lat' dir='ltr'><strong>dem</strong></span> <span class='ocrx_word' id='word_1_101' title='bbox 297 1571 357 1610; x_wconf 88' lang='lat' dir='ltr'><strong>uon</strong></span> <span class='ocrx_word' id='word_1_102' title='bbox 386 1551 506 1625; x_wconf 87' lang='lat' dir='ltr'><strong>dubito,</strong></span> <span class='ocrx_word' id='word_1_103' title='bbox 541 1552 577 1610; x_wconf 85' lang='grc'><strong>61.</strong></span> <span class='ocrx_word' id='word_1_104' title='bbox 602 1554 663 1611; x_wconf 90' lang='grc'><strong>645</strong></span> <span class='ocrx_word' id='word_1_105' title='bbox 687 1557 718 1610; x_wconf 87' lang='grc'><strong>66</strong></span> <span class='ocrx_word' id='word_1_106' title='bbox 739 1551 859 1610; x_wconf 85' lang='lat' dir='ltr'><strong>Trucul.</strong></span> <span class='ocrx_word' id='word_1_107' title='bbox 886 1553 962 1622; x_wconf 89' lang='grc'><strong>397,</strong></span> <span class='ocrx_word' id='word_1_108' title='bbox 996 1551 1131 1626; x_wconf 80' lang='lat' dir='ltr'><strong>quamvis</strong></span> <span class='ocrx_word' id='word_1_109' title='bbox 1153 1568 1213 1608; x_wconf 90' lang='lat' dir='ltr'><strong>nou</strong></span> <span class='ocrx_word' id='word_1_110' title='bbox 1235 1568 1332 1624; x_wconf 88' lang='lat' dir='ltr'><strong>pauca</strong></span> 
     </span>
     <span class='ocr_line' id='line_1_13' title="bbox 203 1652 1330 1730; baseline -0.002 -18"><span class='ocrx_word' id='word_1_111' title='bbox 203 1654 290 1712; x_wconf 87' lang='grc'><strong>66166</strong></span> <span class='ocrx_word' id='word_1_112' title='bbox 323 1655 434 1713; x_wconf 88' lang='lat' dir='ltr'><strong>erroris</strong></span> <span class='ocrx_word' id='word_1_113' title='bbox 468 1654 604 1730; x_wconf 82' lang='lat' dir='ltr'><strong>exemplu</strong></span> <span class='ocrx_word' id='word_1_114' title='bbox 637 1675 655 1713; x_wconf 91' lang='grc'><strong>6</strong></span> <span class='ocrx_word' id='word_1_115' title='bbox 682 1653 780 1712; x_wconf 89' lang='lat' dir='ltr'><strong>Gellio</strong></span> <span class='ocrx_word' id='word_1_116' title='bbox 806 1654 826 1710; x_wconf 91' lang='grc'><strong>1.</strong></span> <span class='ocrx_word' id='word_1_117' title='bbox 851 1654 870 1712; x_wconf 93' lang='lat' dir='ltr'><strong>l.</strong></span> <span class='ocrx_word' id='word_1_118' title='bbox 900 1659 932 1710; x_wconf 91' lang='lat' dir='ltr'><strong>et</strong></span> <span class='ocrx_word' id='word_1_119' title='bbox 959 1653 1111 1710; x_wconf 84' lang='lat' dir='ltr'><strong>Prisciano</strong></span> <span class='ocrx_word' id='word_1_120' title='bbox 1141 1652 1183 1710; x_wconf 88' lang='lat' dir='ltr'><strong>lX</strong></span> <span class='ocrx_word' id='word_1_121' title='bbox 1212 1673 1242 1729; x_wconf 88' lang='lat' dir='ltr'><strong>p.</strong></span> <span class='ocrx_word' id='word_1_122' title='bbox 1267 1654 1330 1710; x_wconf 91' lang='grc'><strong>864</strong></span> 
     </span>
    </p>
   </div>
   <div class='ocr_carea' id='block_1_3' title="bbox 202 1753 1328 1936">
    <p class='ocr_par' dir='ltr' id='par_1_3' title="bbox 202 1753 1328 1936">
     <span class='ocr_line' id='line_1_14' title="bbox 202 1753 1328 1834; baseline -0.001 -20"><span class='ocrx_word' id='word_1_123' title='bbox 202 1755 378 1830; x_wconf 81' lang='lat' dir='ltr'><strong>efferantur,</strong></span> <span class='ocrx_word' id='word_1_124' title='bbox 411 1757 549 1833; x_wconf 75' lang='lat' dir='ltr'><strong>idemque</strong></span> <span class='ocrx_word' id='word_1_125' title='bbox 577 1759 607 1816; x_wconf 93' lang='lat' dir='ltr'><strong>in</strong></span> <span class='ocrx_word' id='word_1_126' title='bbox 635 1757 732 1815; x_wconf 86' lang='lat' dir='ltr'><strong>titulis</strong></span> <span class='ocrx_word' id='word_1_127' title='bbox 755 1755 932 1834; x_wconf 87' lang='lat' dir='ltr'><strong>quibusdam</strong></span> <span class='ocrx_word' id='word_1_128' title='bbox 954 1756 1137 1827; x_wconf 83' lang='lat' dir='ltr'><strong>invenietur,</strong></span> <span class='ocrx_word' id='word_1_129' title='bbox 1174 1776 1201 1812; x_wconf 87' lang='lat' dir='ltr'><strong>v.</strong></span> <span class='ocrx_word' id='word_1_130' title='bbox 1227 1753 1328 1813; x_wconf 85' lang='lat' dir='ltr'><strong>llertc.</strong></span> 
     </span>
     <span class='ocr_line' id='line_1_15' title="bbox 203 1857 1328 1936; baseline -0.001 -20"><span class='ocrx_word' id='word_1_131' title='bbox 203 1857 321 1918; x_wconf 83' lang='lat' dir='ltr'><strong>Vindio.</strong></span> <span class='ocrx_word' id='word_1_132' title='bbox 345 1857 470 1918; x_wconf 79' lang='lat' dir='ltr'><strong>Gallias.</strong></span> <span class='ocrx_word' id='word_1_133' title='bbox 495 1859 547 1918; x_wconf 90' lang='lat' dir='ltr'><strong>alt.</strong></span> <span class='ocrx_word' id='word_1_134' title='bbox 571 1860 601 1918; x_wconf 93' lang='lat' dir='ltr'><strong>iu</strong></span> <span class='ocrx_word' id='word_1_135' title='bbox 623 1859 730 1917; x_wconf 84' lang='lat' dir='ltr'><strong>Annel.</strong></span> <span class='ocrx_word' id='word_1_136' title='bbox 754 1859 858 1936; x_wconf 92' lang='lat' dir='ltr'><strong>philol.</strong></span> <span class='ocrx_word' id='word_1_137' title='bbox 880 1857 985 1936; x_wconf 83' lang='lat' dir='ltr'><strong>Suppl.</strong></span> <span class='ocrx_word' id='word_1_138' title='bbox 1004 1857 1059 1916; x_wconf 82' lang='lat' dir='ltr'><strong>vn</strong></span> <span class='ocrx_word' id='word_1_139' title='bbox 1081 1877 1112 1934; x_wconf 90' lang='lat' dir='ltr'><strong>p.</strong></span> <span class='ocrx_word' id='word_1_140' title='bbox 1133 1857 1328 1916; x_wconf 77' lang='lat'>12—14.-</span> 
     </span>
    </p>
   </div>
   <div class='ocr_carea' id='block_1_4' title="bbox 202 1953 1328 2447">
    <p class='ocr_par' dir='ltr' id='par_1_4' title="bbox 202 1953 1328 2447">
     <span class='ocr_line' id='line_1_16' title="bbox 203 1953 1327 2032; baseline 0 -14"><span class='ocrx_word' id='word_1_141' title='bbox 203 1962 275 2019; x_wconf 90' lang='grc'><strong>665.</strong></span> <span class='ocrx_word' id='word_1_142' title='bbox 302 1953 544 2032; x_wconf 61' lang='lat' dir='ltr'><strong>(immunes-5,</strong></span> <span class='ocrx_word' id='word_1_143' title='bbox 568 1961 605 2019; x_wconf 81' lang='lat' dir='ltr'><strong>cf.</strong></span> <span class='ocrx_word' id='word_1_144' title='bbox 624 1961 662 2019; x_wconf 91' lang='lat' dir='ltr'><strong>ad</strong></span> <span class='ocrx_word' id='word_1_145' title='bbox 681 1961 786 2020; x_wconf 76' lang='lat' dir='ltr'><strong>Bacch.</strong></span> <span class='ocrx_word' id='word_1_146' title='bbox 808 1963 877 2020; x_wconf 86' lang='grc'><strong>159.</strong></span> <span class='ocrx_word' id='word_1_147' title='bbox 904 1991 940 2002; x_wconf 89' lang='grc'><strong>-·</strong></span> <span class='ocrx_word' id='word_1_148' title='bbox 966 1962 1038 2020; x_wconf 90' lang='grc'><strong>666.</strong></span> <span class='ocrx_word' id='word_1_149' title='bbox 1062 1959 1220 2020; x_wconf 86' lang='lat' dir='ltr'><strong>Omittitur</strong></span> <span class='ocrx_word' id='word_1_150' title='bbox 1245 1958 1327 2032; x_wconf 82' lang='lat' dir='ltr'><strong>„ut“,</strong></span> 
     </span>
     <span class='ocr_line' id='line_1_17' title="bbox 202 2059 1328 2139; baseline -0.003 -17"><span class='ocrx_word' id='word_1_151' title='bbox 202 2065 239 2122; x_wconf 82' lang='lat' dir='ltr'><strong>cl·</strong></span> <span class='ocrx_word' id='word_1_152' title='bbox 263 2065 301 2123; x_wconf 86' lang='lat' dir='ltr'><strong>ad</strong></span> <span class='ocrx_word' id='word_1_153' title='bbox 324 2065 407 2123; x_wconf 79' lang='lat' dir='ltr'><strong>Asin.</strong></span> <span class='ocrx_word' id='word_1_154' title='bbox 431 2064 503 2122; x_wconf 86' lang='grc'><strong>445.</strong></span> <span class='ocrx_word' id='word_1_155' title='bbox 528 2093 569 2103; x_wconf 97' lang='grc'>-</span> <span class='ocrx_word' id='word_1_156' title='bbox 593 2065 664 2122; x_wconf 90' lang='grc'><strong>669.</strong></span> <span class='ocrx_word' id='word_1_157' title='bbox 688 2059 796 2139; x_wconf 72' lang='lat' dir='ltr'><strong>Nepet</strong></span> <span class='ocrx_word' id='word_1_158' title='bbox 809 2079 937 2139; x_wconf 75' lang='lat' dir='ltr'><strong>ponere,</strong></span> <span class='ocrx_word' id='word_1_159' title='bbox 962 2064 998 2122; x_wconf 88' lang='grc'><strong>61.</strong></span> <span class='ocrx_word' id='word_1_160' title='bbox 1023 2063 1061 2120; x_wconf 92' lang='grc'><strong>66</strong></span> <span class='ocrx_word' id='word_1_161' title='bbox 1084 2064 1166 2120; x_wconf 83' lang='lat' dir='ltr'><strong>Asin.</strong></span> <span class='ocrx_word' id='word_1_162' title='bbox 1193 2064 1263 2122; x_wconf 88' lang='grc'><strong>597.</strong></span> <span class='ocrx_word' id='word_1_163' title='bbox 1288 2093 1328 2102; x_wconf 95' lang='grc'>-</span> 
     </span>
     <span class='ocr_line' id='line_1_18' title="bbox 202 2161 1328 2243; baseline 0 -19"><span class='ocrx_word' id='word_1_164' title='bbox 202 2168 274 2224; x_wconf 91' lang='grc'><strong>670.</strong></span> <span class='ocrx_word' id='word_1_165' title='bbox 298 2161 424 2226; x_wconf 76' lang='lat' dir='ltr'><strong>Nisid</strong></span> <span class='ocrx_word' id='word_1_166' title='bbox 447 2172 524 2224; x_wconf 86' lang='lat' dir='ltr'><strong>teste</strong></span> <span class='ocrx_word' id='word_1_167' title='bbox 542 2165 638 2243; x_wconf 87' lang='lat' dir='ltr'><strong>Gepp.</strong></span> <span class='ocrx_word' id='word_1_168' title='bbox 692 2163 792 2238; x_wconf 83' lang='lat' dir='ltr'><strong>„Nisi“</strong></span> <span class='ocrx_word' id='word_1_169' title='bbox 820 2167 952 2225; x_wconf 88' lang='lat' dir='ltr'><strong>ultimam</strong></span> <span class='ocrx_word' id='word_1_170' title='bbox 975 2165 1127 2243; x_wconf 76' lang='lat' dir='ltr'><strong>producit,</strong></span> <span class='ocrx_word' id='word_1_171' title='bbox 1150 2169 1204 2222; x_wconf 84' lang='grc'><strong>666</strong></span> <span class='ocrx_word' id='word_1_172' title='bbox 1225 2183 1328 2224; x_wconf 79' lang='lat' dir='ltr'><strong>versus</strong></span> 
     </span>
     <span class='ocr_line' id='line_1_19' title="bbox 202 2263 1327 2346; baseline -0.001 -19"><span class='ocrx_word' id='word_1_173' title='bbox 202 2268 240 2327; x_wconf 84' lang='grc'><strong>66</strong></span> <span class='ocrx_word' id='word_1_174' title='bbox 272 2268 378 2328; x_wconf 86' lang='lat' dir='ltr'><strong>iambis</strong></span> <span class='ocrx_word' id='word_1_175' title='bbox 407 2269 513 2346; x_wconf 85' lang='lat' dir='ltr'><strong>incipit</strong></span> <span class='ocrx_word' id='word_1_176' title='bbox 542 2273 576 2326; x_wconf 90' lang='lat' dir='ltr'><strong>ut</strong></span> <span class='ocrx_word' id='word_1_177' title='bbox 604 2269 676 2326; x_wconf 90' lang='grc'><strong>640.</strong></span> <span class='ocrx_word' id='word_1_178' title='bbox 738 2267 773 2326; x_wconf 80' lang='lat' dir='ltr'><strong>R.</strong></span> <span class='ocrx_word' id='word_1_179' title='bbox 800 2267 857 2342; x_wconf 77' lang='lat' dir='ltr'><strong>„Ni</strong></span> <span class='ocrx_word' id='word_1_180' title='bbox 879 2265 963 2327; x_wconf 84' lang='lat' dir='ltr'><strong>seee“</strong></span> <span class='ocrx_word' id='word_1_181' title='bbox 993 2269 1082 2344; x_wconf 78' lang='lat' dir='ltr'><strong>legit,</strong></span> <span class='ocrx_word' id='word_1_182' title='bbox 1097 2263 1098 2266; x_wconf 56' lang='grc'>’</span> <span class='ocrx_word' id='word_1_183' title='bbox 1115 2286 1144 2326; x_wconf 84' lang='lat' dir='ltr'><strong>v.</strong></span> <span class='ocrx_word' id='word_1_184' title='bbox 1168 2265 1275 2344; x_wconf 91' lang='grc'><strong>06666.</strong></span> <span class='ocrx_word' id='word_1_185' title='bbox 1300 2266 1327 2326; x_wconf 96' lang='lat' dir='ltr'><strong>ll</strong></span> 
     </span>
     <span class='ocr_line' id='line_1_20' title="bbox 202 2361 1326 2447; baseline -0.002 -19"><span class='ocrx_word' id='word_1_186' title='bbox 202 2390 233 2447; x_wconf 88' lang='lat' dir='ltr'><strong>p.</strong></span> <span class='ocrx_word' id='word_1_187' title='bbox 257 2373 318 2429; x_wconf 74' lang='grc'><strong>946</strong></span> <span class='ocrx_word' id='word_1_188' title='bbox 341 2377 403 2430; x_wconf 89' lang='grc'><strong>666.</strong></span> <span class='ocrx_word' id='word_1_189' title='bbox 434 2399 471 2412; x_wconf 89' lang='grc'>-</span> <span class='ocrx_word' id='word_1_190' title='bbox 503 2372 574 2429; x_wconf 93' lang='grc'><strong>671.</strong></span> <span class='ocrx_word' id='word_1_191' title='bbox 605 2361 705 2446; x_wconf 81' lang='lat' dir='ltr'><strong>Atqui</strong></span> <span class='ocrx_word' id='word_1_192' title='bbox 727 2370 815 2430; x_wconf 77' lang='lat' dir='ltr'><strong>Bctlt</strong></span> <span class='ocrx_word' id='word_1_193' title='bbox 861 2366 937 2446; x_wconf 78' lang='lat' dir='ltr'><strong>quoi</strong></span> <span class='ocrx_word' id='word_1_194' title='bbox 958 2371 1093 2430; x_wconf 81' lang='lat' dir='ltr'><strong>Pistoris.</strong></span> <span class='ocrx_word' id='word_1_195' title='bbox 1120 2399 1164 2408; x_wconf 92' lang='lat'>—</span> <span class='ocrx_word' id='word_1_196' title='bbox 1193 2371 1254 2428; x_wconf 90' lang='grc'><strong>673</strong></span> <span class='ocrx_word' id='word_1_197' title='bbox 1282 2390 1326 2445; x_wconf 87' lang='lat' dir='ltr'><strong>eq.</strong></span> 
     </span>
    </p>
   </div>
   <div class='ocr_carea' id='block_1_5' title="bbox 133 2469 1333 4290">
    <p class='ocr_par' dir='ltr' id='par_1_5' title="bbox 133 2469 1333 3760">
     <span class='ocr_line' id='line_1_21' title="bbox 133 2469 1327 2550; baseline 0.005 -26"><span class='ocrx_word' id='word_1_198' title='bbox 133 2512 139 2524; x_wconf 94' lang='lat'><em>.</em></span> <span class='ocrx_word' id='word_1_199' title='bbox 207 2492 284 2544; x_wconf 87' lang='lat' dir='ltr'><strong>„non</strong></span> <span class='ocrx_word' id='word_1_200' title='bbox 307 2469 378 2530; x_wconf 85' lang='lat' dir='ltr'><strong>sed“</strong></span> <span class='ocrx_word' id='word_1_201' title='bbox 403 2478 485 2530; x_wconf 88' lang='lat' dir='ltr'><strong>recte</strong></span> <span class='ocrx_word' id='word_1_202' title='bbox 508 2473 619 2530; x_wconf 88' lang='lat' dir='ltr'><strong>omittit</strong></span> <span class='ocrx_word' id='word_1_203' title='bbox 642 2472 809 2532; x_wconf 74' lang='lat' dir='ltr'><strong>Priscianus</strong></span> <span class='ocrx_word' id='word_1_204' title='bbox 832 2473 875 2530; x_wconf 88' lang='grc' dir='ltr'><strong>ΠΙ</strong></span> <span class='ocrx_word' id='word_1_205' title='bbox 892 2494 922 2550; x_wconf 88' lang='lat' dir='ltr'><strong>p.</strong></span> <span class='ocrx_word' id='word_1_206' title='bbox 940 2475 1017 2532; x_wconf 77' lang='lat'>611:</span> <span class='ocrx_word' id='word_1_207' title='bbox 1049 2493 1086 2545; x_wconf 85' lang='lat' dir='ltr'><strong>„a</strong></span> <span class='ocrx_word' id='word_1_208' title='bbox 1108 2472 1228 2548; x_wconf 86' lang='lat' dir='ltr'><strong>saepius</strong></span> <span class='ocrx_word' id='word_1_209' title='bbox 1250 2491 1327 2530; x_wconf 84' lang='lat' dir='ltr'><strong>com·</strong></span> 
     </span>
     <span class='ocr_line' id='line_1_22' title="bbox 203 2573 1329 2651; baseline -0.002 -20"><span class='ocrx_word' id='word_1_210' title='bbox 203 2577 339 2650; x_wconf 87' lang='lat' dir='ltr'><strong>parativo</strong></span> <span class='ocrx_word' id='word_1_211' title='bbox 361 2574 557 2651; x_wconf 86' lang='lat' dir='ltr'><strong>saepiuscule.</strong></span> <span class='ocrx_word' id='word_1_212' title='bbox 613 2573 736 2634; x_wconf 83' lang='lat' dir='ltr'><strong>Plautus</strong></span> <span class='ocrx_word' id='word_1_213' title='bbox 759 2577 789 2634; x_wconf 93' lang='lat' dir='ltr'><strong>in</strong></span> <span class='ocrx_word' id='word_1_214' title='bbox 812 2575 936 2634; x_wconf 86' lang='lat' dir='ltr'><strong>Casina:</strong></span> <span class='ocrx_word' id='word_1_215' title='bbox 972 2582 1006 2633; x_wconf 90' lang='lat' dir='ltr'><strong>ut</strong></span> <span class='ocrx_word' id='word_1_216' title='bbox 1028 2574 1122 2634; x_wconf 80' lang='lat' dir='ltr'><strong>nubet</strong></span> <span class='ocrx_word' id='word_1_217' title='bbox 1145 2573 1228 2644; x_wconf 78' lang='lat' dir='ltr'><strong>milri,</strong></span> <span class='ocrx_word' id='word_1_218' title='bbox 1253 2573 1329 2630; x_wconf 91' lang='lat' dir='ltr'><strong>illud</strong></span> 
     </span>
     <span class='ocr_line' id='line_1_23' title="bbox 203 2671 1329 2754; baseline 0 -20"><span class='ocrx_word' id='word_1_219' title='bbox 203 2675 323 2752; x_wconf 89' lang='lat' dir='ltr'><strong>quidem</strong></span> <span class='ocrx_word' id='word_1_220' title='bbox 352 2675 498 2749; x_wconf 86' lang='lat' dir='ltr'><strong>uolsbsm,</strong></span> <span class='ocrx_word' id='word_1_221' title='bbox 526 2683 630 2734; x_wconf 89' lang='lat' dir='ltr'><strong>nostro</strong></span> <span class='ocrx_word' id='word_1_222' title='bbox 659 2677 757 2736; x_wconf 86' lang='lat' dir='ltr'><strong>nilico.</strong></span> <span class='ocrx_word' id='word_1_223' title='bbox 809 2671 1009 2752; x_wconf 56' lang='lat' dir='ltr'><strong>Saeprmculc</strong></span> <span class='ocrx_word' id='word_1_224' title='bbox 1030 2673 1190 2754; x_wconf 84' lang='lat' dir='ltr'><strong>peccss“.‘</strong></span> <span class='ocrx_word' id='word_1_225' title='bbox 1213 2677 1329 2734; x_wconf 84' lang='lat' dir='ltr'><strong>Eadem</strong></span> 
     </span>
     <span class='ocr_line' id='line_1_24' title="bbox 203 2777 1328 2856; baseline 0 -20"><span class='ocrx_word' id='word_1_226' title='bbox 203 2777 337 2836; x_wconf 86' lang='lat' dir='ltr'><strong>adverbii</strong></span> <span class='ocrx_word' id='word_1_227' title='bbox 360 2779 455 2837; x_wconf 82' lang='lat' dir='ltr'><strong>forma</strong></span> <span class='ocrx_word' id='word_1_228' title='bbox 477 2778 602 2838; x_wconf 74' lang='lat' dir='ltr'><strong>affertur</strong></span> <span class='ocrx_word' id='word_1_229' title='bbox 625 2781 654 2837; x_wconf 90' lang='lat' dir='ltr'><strong>in</strong></span> <span class='ocrx_word' id='word_1_230' title='bbox 676 2779 822 2856; x_wconf 77' lang='lat' dir='ltr'><strong>glossario</strong></span> <span class='ocrx_word' id='word_1_231' title='bbox 839 2781 978 2838; x_wconf 75' lang='lat' dir='ltr'><strong>Plautino</strong></span> <span class='ocrx_word' id='word_1_232' title='bbox 1001 2799 1048 2856; x_wconf 89' lang='lat' dir='ltr'><strong>ap.</strong></span> <span class='ocrx_word' id='word_1_233' title='bbox 1068 2779 1170 2838; x_wconf 76' lang='lat' dir='ltr'><strong>Hertz.</strong></span> <span class='ocrx_word' id='word_1_234' title='bbox 1184 2779 1328 2837; x_wconf 86' lang='lat' dir='ltr'><strong>Priscian.</strong></span> 
     </span>
     <span class='ocr_line' id='line_1_25' title="bbox 203 2881 1333 2960; baseline 0.001 -21"><span class='ocrx_word' id='word_1_235' title='bbox 203 2881 231 2938; x_wconf 94' lang='lat' dir='ltr'><strong>ll</strong></span> <span class='ocrx_word' id='word_1_236' title='bbox 248 2903 277 2960; x_wconf 88' lang='lat' dir='ltr'><strong>p.</strong></span> <span class='ocrx_word' id='word_1_237' title='bbox 298 2883 348 2940; x_wconf 91' lang='grc'><strong>58.</strong></span> <span class='ocrx_word' id='word_1_238' title='bbox 393 2882 492 2940; x_wconf 85' lang='grc' dir='ltr'><strong>Ρ16661</strong></span> <span class='ocrx_word' id='word_1_239' title='bbox 516 2882 617 2941; x_wconf 86' lang='lat' dir='ltr'><strong>codd:</strong></span> <span class='ocrx_word' id='word_1_240' title='bbox 648 2881 846 2959; x_wconf 79' lang='lat' dir='ltr'><strong>„saepicule“,</strong></span> <span class='ocrx_word' id='word_1_241' title='bbox 869 2883 988 2959; x_wconf 89' lang='lat' dir='ltr'><strong>quicum</strong></span> <span class='ocrx_word' id='word_1_242' title='bbox 1011 2883 1179 2958; x_wconf 79' lang='lat' dir='ltr'><strong>comparari</strong></span> <span class='ocrx_word' id='word_1_243' title='bbox 1202 2887 1333 2958; x_wconf 88' lang='lat' dir='ltr'><strong>possunt</strong></span> 
     </span>
     <span class='ocr_line' id='line_1_26' title="bbox 202 2979 1331 3058; baseline 0.001 -16"><span class='ocrx_word' id='word_1_244' title='bbox 202 2985 386 3044; x_wconf 83' lang='lat' dir='ltr'><strong>deminutiva</strong></span> <span class='ocrx_word' id='word_1_245' title='bbox 409 2983 624 3044; x_wconf 82' lang='lat' dir='ltr'><strong>adiectivorum</strong></span> <span class='ocrx_word' id='word_1_246' title='bbox 648 2987 747 3043; x_wconf 73' lang='lat' dir='ltr'><strong>tertiae</strong></span> <span class='ocrx_word' id='word_1_247' title='bbox 770 2984 995 3056; x_wconf 86' lang='lat' dir='ltr'><strong>declinationis,</strong></span> <span class='ocrx_word' id='word_1_248' title='bbox 1025 2983 1199 3042; x_wconf 88' lang='lat' dir='ltr'><strong>breuiculus</strong></span> <span class='ocrx_word' id='word_1_249' title='bbox 1222 2979 1331 3058; x_wconf 84' lang='lat' dir='ltr'><strong>(llere.</strong></span> 
     </span>
     <span class='ocr_line' id='line_1_27' title="bbox 203 3080 1332 3163; baseline 0.003 -20"><span class='ocrx_word' id='word_1_250' title='bbox 203 3080 290 3161; x_wconf 82' lang='lat'><strong>631),</strong></span> <span class='ocrx_word' id='word_1_251' title='bbox 314 3087 479 3144; x_wconf 87' lang='lat' dir='ltr'><strong>dulciculus</strong></span> <span class='ocrx_word' id='word_1_252' title='bbox 502 3081 604 3160; x_wconf 91' lang='lat' dir='ltr'><strong>(Poen.</strong></span> <span class='ocrx_word' id='word_1_253' title='bbox 624 3083 707 3160; x_wconf 87' lang='grc'><strong>387),</strong></span> <span class='ocrx_word' id='word_1_254' title='bbox 730 3086 922 3163; x_wconf 75' lang='lat' dir='ltr'><strong>grandiculos</strong></span> <span class='ocrx_word' id='word_1_255' title='bbox 941 3081 1044 3161; x_wconf 89' lang='lat' dir='ltr'><strong>(Poen.</strong></span> <span class='ocrx_word' id='word_1_256' title='bbox 1060 3081 1146 3160; x_wconf 90' lang='grc'><strong>481),</strong></span> <span class='ocrx_word' id='word_1_257' title='bbox 1170 3085 1332 3158; x_wconf 73' lang='lat' dir='ltr'><strong>acriculus,</strong></span> 
     </span>
     <span class='ocr_line' id='line_1_28' title="bbox 202 3183 1329 3266; baseline 0.003 -21"><span class='ocrx_word' id='word_1_258' title='bbox 202 3189 366 3262; x_wconf 70' lang='lat' dir='ltr'><strong>fonticulus,</strong></span> <span class='ocrx_word' id='word_1_259' title='bbox 401 3188 553 3262; x_wconf 79' lang='lat' dir='ltr'><strong>levicirlne,</strong></span> <span class='ocrx_word' id='word_1_260' title='bbox 589 3189 755 3248; x_wconf 84' lang='lat' dir='ltr'><strong>tristiculus</strong></span> <span class='ocrx_word' id='word_1_261' title='bbox 784 3183 884 3266; x_wconf 71' lang='lat' dir='ltr'><strong>(cie).</strong></span> <span class='ocrx_word' id='word_1_262' title='bbox 919 3219 960 3228; x_wconf 91' lang='lat'><em>-</em></span> <span class='ocrx_word' id='word_1_263' title='bbox 996 3190 1065 3248; x_wconf 92' lang='grc'><strong>678.</strong></span> <span class='ocrx_word' id='word_1_264' title='bbox 1097 3189 1171 3246; x_wconf 84' lang='lat' dir='ltr'><strong>Post</strong></span> <span class='ocrx_word' id='word_1_265' title='bbox 1203 3189 1329 3261; x_wconf 79' lang='lat' dir='ltr'><strong>„orato¹‘</strong></span> 
     </span>
     <span class='ocr_line' id='line_1_29' title="bbox 202 3285 1333 3366; baseline 0.004 -19"><span class='ocrx_word' id='word_1_266' title='bbox 202 3291 311 3348; x_wconf 85' lang='lat' dir='ltr'><strong>hiatur.</strong></span> <span class='ocrx_word' id='word_1_267' title='bbox 342 3320 383 3332; x_wconf 89' lang='lat'><em>-</em></span> <span class='ocrx_word' id='word_1_268' title='bbox 414 3293 486 3350; x_wconf 87' lang='grc'><strong>679.</strong></span> <span class='ocrx_word' id='word_1_269' title='bbox 516 3285 619 3352; x_wconf 70' lang='lat' dir='ltr'><strong>Soleis</strong></span> <span class='ocrx_word' id='word_1_270' title='bbox 642 3292 839 3366; x_wconf 72' lang='lat' dir='ltr'><strong>elegantiores</strong></span> <span class='ocrx_word' id='word_1_271' title='bbox 861 3290 1040 3364; x_wconf 89' lang='lat' dir='ltr'><strong>utsbnntur;</strong></span> <span class='ocrx_word' id='word_1_272' title='bbox 1062 3293 1141 3348; x_wconf 82' lang='lat' dir='ltr'><strong>servi</strong></span> <span class='ocrx_word' id='word_1_273' title='bbox 1164 3296 1219 3349; x_wconf 87' lang='lat' dir='ltr'><strong>aut</strong></span> <span class='ocrx_word' id='word_1_274' title='bbox 1241 3291 1333 3352; x_wconf 90' lang='lat' dir='ltr'><strong>nudis</strong></span> 
     </span>
     <span class='ocr_line' id='line_1_30' title="bbox 201 3393 1331 3472; baseline -0.001 -22"><span class='ocrx_word' id='word_1_275' title='bbox 201 3393 526 3470; x_wconf 81' lang='lat' dir='ltr'><strong>pedibnsincedsbsnt</strong></span> <span class='ocrx_word' id='word_1_276' title='bbox 543 3399 605 3466; x_wconf 88' lang='lat' dir='ltr'><strong>ant,</strong></span> <span class='ocrx_word' id='word_1_277' title='bbox 629 3397 656 3452; x_wconf 87' lang='lat' dir='ltr'><strong>si</strong></span> <span class='ocrx_word' id='word_1_278' title='bbox 678 3397 742 3452; x_wconf 86' lang='lat' dir='ltr'><strong>ruri</strong></span> <span class='ocrx_word' id='word_1_279' title='bbox 764 3414 838 3472; x_wconf 88' lang='lat' dir='ltr'><strong>opus</strong></span> <span class='ocrx_word' id='word_1_280' title='bbox 862 3393 1030 3453; x_wconf 82' lang='lat' dir='ltr'><strong>faciendum</strong></span> <span class='ocrx_word' id='word_1_281' title='bbox 1052 3399 1126 3465; x_wconf 85' lang='lat' dir='ltr'><strong>erut,</strong></span> <span class='ocrx_word' id='word_1_282' title='bbox 1150 3394 1331 3470; x_wconf 87' lang='lat' dir='ltr'><strong>sculpeneis.</strong></span> 
     </span>
     <span class='ocr_line' id='line_1_31' title="bbox 204 3489 1333 3570; baseline 0.004 -19"><span class='ocrx_word' id='word_1_283' title='bbox 204 3525 243 3532; x_wconf 94' lang='lat'><em>-</em></span> <span class='ocrx_word' id='word_1_284' title='bbox 262 3495 333 3553; x_wconf 84' lang='grc'><strong>680.</strong></span> <span class='ocrx_word' id='word_1_285' title='bbox 357 3489 393 3552; x_wconf 79' lang='lat' dir='ltr'><strong>in</strong></span> <span class='ocrx_word' id='word_1_286' title='bbox 416 3490 531 3569; x_wconf 75' lang='grc'><strong>616666,</strong></span> <span class='ocrx_word' id='word_1_287' title='bbox 554 3515 650 3554; x_wconf 82' lang='lat' dir='ltr'><strong>nonne</strong></span> <span class='ocrx_word' id='word_1_288' title='bbox 677 3497 725 3568; x_wconf 85' lang='lat' dir='ltr'><strong>„in</strong></span> <span class='ocrx_word' id='word_1_289' title='bbox 749 3494 920 3570; x_wconf 80' lang='lat' dir='ltr'><strong>digitum“?</strong></span> <span class='ocrx_word' id='word_1_290' title='bbox 944 3525 981 3536; x_wconf 88' lang='lat'>—</span> <span class='ocrx_word' id='word_1_291' title='bbox 1007 3497 1077 3554; x_wconf 77' lang='lat'><strong>682.</strong></span> <span class='ocrx_word' id='word_1_292' title='bbox 1100 3510 1261 3556; x_wconf 82' lang='lat' dir='ltr'><strong>remorare</strong></span> <span class='ocrx_word' id='word_1_293' title='bbox 1282 3512 1333 3556; x_wconf 80' lang='lat' dir='ltr'><strong>mc</strong></span> 
     </span>
     <span class='ocr_line' id='line_1_32' title="bbox 203 3595 1330 3674; baseline 0.002 -20"><span class='ocrx_word' id='word_1_294' title='bbox 203 3596 270 3654; x_wconf 84' lang='lat' dir='ltr'><strong>edd.</strong></span> <span class='ocrx_word' id='word_1_295' title='bbox 300 3627 334 3636; x_wconf 87' lang='lat'><em>-</em></span> <span class='ocrx_word' id='word_1_296' title='bbox 361 3598 433 3656; x_wconf 82' lang='grc'><strong>683.</strong></span> <span class='ocrx_word' id='word_1_297' title='bbox 457 3595 611 3671; x_wconf 70' lang='lat' dir='ltr'><strong>opsonatu</strong></span> <span class='ocrx_word' id='word_1_298' title='bbox 632 3613 721 3658; x_wconf 79' lang='lat' dir='ltr'><strong>meus</strong></span> <span class='ocrx_word' id='word_1_299' title='bbox 743 3599 832 3659; x_wconf 84' lang='lat' dir='ltr'><strong>Both.</strong></span> <span class='ocrx_word' id='word_1_300' title='bbox 863 3629 901 3638; x_wconf 92' lang='lat'>-</span> <span class='ocrx_word' id='word_1_301' title='bbox 924 3613 1087 3674; x_wconf 76' lang='grc'><strong>66666666,</strong></span> <span class='ocrx_word' id='word_1_302' title='bbox 1110 3617 1136 3654; x_wconf 82' lang='lat' dir='ltr'><strong>v.</strong></span> <span class='ocrx_word' id='word_1_303' title='bbox 1162 3599 1201 3657; x_wconf 84' lang='grc'><strong>66</strong></span> <span class='ocrx_word' id='word_1_304' title='bbox 1223 3599 1330 3658; x_wconf 83' lang='lat' dir='ltr'><strong>Bacch.</strong></span> 
     </span>
     <span class='ocr_line' id='line_1_33' title="bbox 206 3693 722 3760; baseline 0.006 -4"><span class='ocrx_word' id='word_1_305' title='bbox 206 3699 273 3756; x_wconf 81' lang='lat'>112.</span> <span class='ocrx_word' id='word_1_306' title='bbox 319 3693 408 3758; x_wconf 72' lang='lat' dir='ltr'><strong>ducit</strong></span> <span class='ocrx_word' id='word_1_307' title='bbox 429 3699 501 3758; x_wconf 91' lang='lat' dir='ltr'><strong>olim</strong></span> <span class='ocrx_word' id='word_1_308' title='bbox 524 3701 722 3760; x_wconf 86' lang='lat' dir='ltr'><strong>emendatum.</strong></span> 
     </span>
    </p>

    <p class='ocr_par' dir='ltr' id='par_1_6' title="bbox 200 3799 1331 4290">
     <span class='ocr_line' id='line_1_34' title="bbox 289 3799 1331 3880; baseline 0.003 -22"><span class='ocrx_word' id='word_1_309' title='bbox 289 3803 359 3859; x_wconf 90' lang='grc'><strong>684,</strong></span> <span class='ocrx_word' id='word_1_310' title='bbox 384 3799 522 3879; x_wconf 79' lang='lat' dir='ltr'><strong>Olympio</strong></span> <span class='ocrx_word' id='word_1_311' title='bbox 545 3809 708 3878; x_wconf 70' lang='lat' dir='ltr'><strong>opsonatup</strong></span> <span class='ocrx_word' id='word_1_312' title='bbox 726 3803 807 3861; x_wconf 86' lang='lat' dir='ltr'><strong>redit</strong></span> <span class='ocrx_word' id='word_1_313' title='bbox 825 3823 890 3862; x_wconf 86' lang='lat' dir='ltr'><strong>cum</strong></span> <span class='ocrx_word' id='word_1_314' title='bbox 909 3804 1020 3880; x_wconf 87' lang='lat' dir='ltr'><strong>coquis.</strong></span> <span class='ocrx_word' id='word_1_315' title='bbox 1059 3804 1215 3863; x_wconf 78' lang='lat' dir='ltr'><strong>Canticum</strong></span> <span class='ocrx_word' id='word_1_316' title='bbox 1237 3807 1331 3864; x_wconf 86' lang='lat' dir='ltr'><strong>maxi-</strong></span> 
     </span>
     <span class='ocr_line' id='line_1_35' title="bbox 200 3906 1330 3986; baseline 0.004 -26"><span class='ocrx_word' id='word_1_317' title='bbox 200 3922 279 3960; x_wconf 89' lang='lat' dir='ltr'><strong>mam</strong></span> <span class='ocrx_word' id='word_1_318' title='bbox 298 3909 415 3986; x_wconf 79' lang='lat' dir='ltr'><strong>partem</strong></span> <span class='ocrx_word' id='word_1_319' title='bbox 438 3907 661 3981; x_wconf 72' lang='lat' dir='ltr'><strong>suspeeticnm.</strong></span> <span class='ocrx_word' id='word_1_320' title='bbox 708 3907 874 3965; x_wconf 92' lang='grc'><strong>684-691</strong></span> <span class='ocrx_word' id='word_1_321' title='bbox 899 3906 1074 3964; x_wconf 86' lang='lat' dir='ltr'><strong>tetrametri.</strong></span> <span class='ocrx_word' id='word_1_322' title='bbox 1127 3907 1189 3963; x_wconf 74' lang='grc'><strong>696</strong></span> <span class='ocrx_word' id='word_1_323' title='bbox 1214 3907 1330 3966; x_wconf 91' lang='lat' dir='ltr'><strong>dubius.</strong></span> 
     </span>
     <span class='ocr_line' id='line_1_36' title="bbox 203 4006 1330 4083; baseline 0.005 -21"><span class='ocrx_word' id='word_1_324' title='bbox 203 4006 264 4063; x_wconf 88' lang='grc'><strong>693</strong></span> <span class='ocrx_word' id='word_1_325' title='bbox 288 4008 426 4065; x_wconf 86' lang='lat' dir='ltr'><strong>trimeter</strong></span> <span class='ocrx_word' id='word_1_326' title='bbox 448 4010 656 4083; x_wconf 72' lang='lat' dir='ltr'><strong>anapesticus.</strong></span> <span class='ocrx_word' id='word_1_327' title='bbox 708 4009 769 4067; x_wconf 87' lang='grc'><strong>694</strong></span> <span class='ocrx_word' id='word_1_328' title='bbox 792 4008 919 4066; x_wconf 86' lang='lat' dir='ltr'><strong>dimeter</strong></span> <span class='ocrx_word' id='word_1_329' title='bbox 942 4008 1121 4067; x_wconf 88' lang='lat' dir='ltr'><strong>trochaicus.</strong></span> <span class='ocrx_word' id='word_1_330' title='bbox 1176 4009 1237 4068; x_wconf 90' lang='grc'><strong>695</strong></span> <span class='ocrx_word' id='word_1_331' title='bbox 1260 4013 1330 4068; x_wconf 88' lang='lat' dir='ltr'><strong>tetr.</strong></span> 
     </span>
     <span class='ocr_line' id='line_1_37' title="bbox 201 4107 1330 4188; baseline 0.005 -24"><span class='ocrx_word' id='word_1_332' title='bbox 201 4109 399 4182; x_wconf 75' lang='grc'><strong>6666666666</strong></span> <span class='ocrx_word' id='word_1_333' title='bbox 424 4107 511 4167; x_wconf 85' lang='grc'><strong>66661.</strong></span> <span class='ocrx_word' id='word_1_334' title='bbox 565 4110 711 4170; x_wconf 91' lang='grc'><strong>696-98</strong></span> <span class='ocrx_word' id='word_1_335' title='bbox 737 4113 915 4169; x_wconf 76' lang='lat' dir='ltr'><strong>&#39;teti-emetri</strong></span> <span class='ocrx_word' id='word_1_336' title='bbox 942 4109 1100 4170; x_wconf 86' lang='lat' dir='ltr'><strong>bacchisei.</strong></span> <span class='ocrx_word' id='word_1_337' title='bbox 1159 4111 1219 4170; x_wconf 89' lang='grc'><strong>699</strong></span> <span class='ocrx_word' id='word_1_338' title='bbox 1243 4131 1330 4188; x_wconf 87' lang='lat' dir='ltr'><strong>susp.</strong></span> 
     </span>
     <span class='ocr_line' id='line_1_38' title="bbox 212 4209 1328 4290; baseline 0.004 -23"><span class='ocrx_word' id='word_1_339' title='bbox 212 4217 267 4268; x_wconf 88' lang='lat' dir='ltr'><strong>etr.</strong></span> <span class='ocrx_word' id='word_1_340' title='bbox 280 4209 368 4269; x_wconf 88' lang='grc'><strong>66661.</strong></span> <span class='ocrx_word' id='word_1_341' title='bbox 417 4212 479 4270; x_wconf 89' lang='grc'><strong>700</strong></span> <span class='ocrx_word' id='word_1_342' title='bbox 498 4213 681 4290; x_wconf 88' lang='lat' dir='ltr'><strong>compositus</strong></span> <span class='ocrx_word' id='word_1_343' title='bbox 698 4234 736 4271; x_wconf 89' lang='lat' dir='ltr'><strong>ex</strong></span> <span class='ocrx_word' id='word_1_344' title='bbox 747 4213 863 4272; x_wconf 85' lang='lat' dir='ltr'><strong>duobus</strong></span> <span class='ocrx_word' id='word_1_345' title='bbox 875 4213 1011 4272; x_wconf 86' lang='lat' dir='ltr'><strong>dimetrie</strong></span> <span class='ocrx_word' id='word_1_346' title='bbox 1033 4231 1119 4288; x_wconf 89' lang='grc'><strong>6666.</strong></span> <span class='ocrx_word' id='word_1_347' title='bbox 1140 4213 1328 4272; x_wconf 85' lang='lat' dir='ltr'><strong>catalectieie.</strong></span> 
     </span>
    </p>
   </div>
   <div class='ocr_carea' id='block_1_6' title="bbox 0 0 1492 5018">
    <p class='ocr_par' dir='ltr' id='par_1_7' title="bbox 0 0 1492 5018">
     <span class='ocr_line' id='line_1_39' title="bbox 0 0 1492 5018; baseline 0 0"><span class='ocrx_word' id='word_1_348' title='bbox 0 0 1492 5018; x_wconf 95' lang='lat' dir='ltr'><strong> </strong></span> 
     </span>
    </p>
   </div>
  </div>
 </body>
</html>
