2982 5012
121 401 171 468 111,
183 405 207 470 3,
216 405 305 457 7-24
615 403 758 474 Epidicus.

124 593 185 658 Uel
209 613 280 675 ego,
306 594 362 678 qui
386 594 505 658 dadum
529 593 574 658 fili
598 614 697 660 causa
720 617 892 684 coeperam
939 597 942 606 '

121 700 257 785 Egomet
277 723 329 766 me
352 704 539 768 excruciare
562 703 671 782 animi,
696 707 790 787 quasi
814 705 892 790 quid
916 705 1004 772 filius

122 809 217 874 Meus
241 809 433 892 deliquisset
457 831 506 874 me
530 831 616 894 erga,
641 817 699 877 aut
722 815 816 896 quasi
839 837 904 880 non
927 815 1069 898 piurima
1200 833 1251 886 390

122 917 303 982 Alaleiacta
326 939 400 984 mea
421 924 532 983 essent
555 919 662 984 solida
683 907 717 985 in
741 921 974 987 adulescentia.

123 1025 279 1092 Proiecto
304 1026 480 1092 deliramus
504 1027 668 1092 interdum
684 1031 797 1094 ¹senes.

123 1134 218 1218 [Fuit
241 1134 445 1200 conducibile
469 1134 531 1218 hoc
555 1135 687 1219 quidem
710 1157 783 1200 mea
806 1135 993 1220 sententia]

124 1243 190 1308 Sed
213 1263 307 1306 meus
331 1243 453 1308 sodalis
475 1243 501 1306 it
525 1263 599 1307 cum
622 1244 748 1326 praeda
770 1245 960 1328 Apoecides.

123 1351 247 1416 Uenire
271 1349 396 1414 saluom
421 1358 634 1416 mercatorem
657 1351 794 1434 gaudeo.

122 1459 211 1538 Quid
235 1458 295 1523 lit?
385 1445 388 1450 ¹
830 1507 832 1512 -

562 1559 807 1651 'Apoecides
859 1596 865 1608 ·

332 1673 373 1737 Di
396 1673 544 1758 deaeque
567 1683 600 1740 te
624 1675 793 1742 adiuuant.

564 1783 812 1869 Periphanes

846 1894 948 1959 Omen
971 1892 1089 1976 placet.

575 1999 805 2084 Apoecides

124 2108 210 2186 Quin
236 2108 338 2173 omini
361 2127 472 2172 omnes
497 2112 677 2191 suppetunt
699 2129 752 2173 res
774 2131 959 2193 prosperae.

125 2218 191 2281 Sed
215 2228 252 2280 lu
276 2214 361 2280 hanc
383 2215 458 2280 iube
483 2217 527 2280 sis
550 2217 636 2281 intro
660 2215 790 2282 abduci.

570 2323 813 2404 Periphanes

845 2435 945 2513 Heus,
967 2433 1057 2500 foras
1167 2494 1169 2502 ,

123 2543 220 2608 Exite
243 2540 309 2606 huc
332 2539 462 2622 aliquis.
513 2539 602 2604 Duce
625 2542 724 2606 istam
748 2544 835 2606 intro
859 2543 1037 2607 mulierem.
1057 2545 1060 2552 '

124 2656 232 2732 Atque
257 2648 379 2712 audin?

618 2755 767 2822 Seruos

430 2864 516 2942 Quid
539 2865 614 2929 uis?

564 2971 819 3055 Periphanes

663 3079 751 3146 Caue
774 3084 847 3146 siris
870 3103 943 3145 cum
966 3080 1035 3146 filia
1199 3099 1251 3150 400

123 3191 200 3256 Mea
223 3188 372 3272 copulari
395 3187 479 3253 hanc
503 3208 609 3270 neque
630 3191 830 3272 conspicere.
876 3189 944 3254 Iam
968 3191 1084 3255 tenes?

124 3299 161 3363 In
187 3296 370 3363 aediculam
393 3296 501 3360 istanc
523 3316 667 3360 seorsum
692 3296 842 3362 concludi
865 3297 957 3379 uolo;

124 3409 307 3472 Dinortunt
329 3423 436 3469 mores
458 3389 579 3486 uirgini
601 3397 696 3487 longe
720 3424 759 3468 ac
782 3403 888 3488 lupae.

576 3511 804 3594 Apoecides

125 3625 230 3688 Docte
253 3627 287 3686 et
309 3621 477 3703 sapienter
499 3619 597 3699 dicis;
620 3641 796 3700 numquam
818 3621 914 3686 nimie
937 3625 1048 3704 potest

124 3729 325 3796 Pudicitiam
347 3729 525 3811 quiequam
549 3749 628 3792 suae
651 3749 785 3793 seruare
808 3729 904 3792 filiae.
1200 3747 1251 3798 405

193 3941 314 3998 aee-Uel
332 3942 412 4010 quasi
430 3947 543 4012 egomet
560 3944 608 4011 qui
626 3942 692 3996 dum
750 3945 800 3997 389
819 3945 878 4012 Ego
894 3959 942 3996 me
999 3945 1050 3996 390
1067 3941 1168 3998 Melius
1186 3941 1252 3996 deli-

124 4033 233 4100 quisset
250 4027 315 4082 med
334 4044 402 4097 erga
515 4028 665 4097 plurimum
785 4029 834 4082 393
853 4029 978 4097 conpar
996 4044 1056 4082 cum
1074 4027 1249 4082 orttecedentr'.

123 4119 175 4171 396
193 4117 231 4169 sit
299 4113 435 4170 adiuuant
453 4129 497 4167 res
515 4129 644 4182 propere.
663 4111 749 4167 PERI
819 4115 870 4167 397
888 4112 941 4180 Qui
959 4113 1067 4168 nomini
1132 4128 1251 4181 propere

123 4202 244 4256 aer-99
261 4199 368 4254 duona
386 4200 506 4253 caestus
560 4201 611 4252 398
628 4199 728 4252 lubens
746 4201 821 4252 intro
840 4198 950 4254 Abduci
970 4200 1037 4252 hene
1095 4199 1147 4250 400
1163 4193 1249 4248 ΕΡΠ)

124 4286 197 4353 Quid
250 4303 315 4338 eum
370 4285 473 4338 coc-7
491 4285 577 4339 tn'lm
596 4284 722 4338 vasibus.
784 4286 835 4337 402
859 4285 928 4338 istac
946 4299 1056 4338 sorsum
1113 4283 1164 4335 404
1182 4297 1249 4334 num

1063 4389 1095 4442 3⁸
