2982 5014
607 421 639 477 V.
658 421 801 476 899-915.
1203 423 1265 484 437

142 631 238 692 repas
261 615 348 676 Both.
370 643 412 656 ·-
437 619 507 675 905.
529 613 676 692 percepit,
700 616 804 674 ultime
826 614 925 690 longa,
946 634 974 671 v.
998 610 1116 685 Proleg.
1140 632 1169 689 p.
1196 611 1265 671 196.

142 717 178 777 R.
206 715 389 796 „percipiat“
410 718 467 790 ed.,
491 720 620 778 Weieius
641 712 834 794 „percitust“.
853 744 895 761 ·-
915 715 985 774 906.
1009 711 1107 771 Verba
1129 714 1265 791 personis

142 826 223 880 recte
247 820 401 879 distribuit
424 821 585 880 Acidaliae.
609 849 651 860 —-
676 812 807 890 Occidis,
832 837 871 874 sc.
894 835 950 886 me,
974 835 1001 874 v.
1026 814 1063 874 sd
1087 815 1168 874 Asin.
1194 815 1265 874 392.

130 945 185 964 ·-
215 916 364 997 fabulatus
392 923 507 982 Acidal.
532 943 582 981 em.
614 951 657 964 -
686 923 756 980 907.
776 913 873 982 ,oculi
897 912 969 976 duri
998 917 1084 977 nobis
1107 918 1196 995 rigidi
1220 919 1265 978 di·

142 1029 260 1084 cuntur.
305 1025 417 1084 Horum
441 1024 531 1084 hebes
554 1027 635 1088 visus
657 1029 711 1082 est.
757 1021 833 1082 Plin.
854 1020 890 1079 H.
908 1019 945 1080 N.
965 1020 1017 1091 XI,
1043 1023 1091 1094 37,
1118 1024 1166 1096 55,
1191 1023 1266 1080 152:

146 1127 297 1202 „Quorum
321 1127 388 1185 duri
411 1125 514 1200 (oculi)
538 1135 615 1200 sunt,
641 1115 736 1184 minus
759 1123 863 1181 vident
886 1142 974 1202 quem
999 1142 1124 1199 quornm
1141 1119 1266 1184 umidi“.

143 1231 269 1289 Aristot.
294 1229 330 1288 de
352 1229 491 1309 partibus
509 1231 597 1288 anim.
615 1229 653 1302 Π,
676 1229 728 1286 13;
754 1228 841 1284 πάντα
865 1227 1186 1301 σκληρόφθαλμοίῖσιιι,
1211 1219 1268 1284 οἷον

143 1333 277 1407 βλίποντα
299 1333 344 1388 ded
365 1335 413 1389 rod
434 1333 571 1408 βίοφοίροο
595 1331 827 1410 προσπεφυκότος
871 1328 921 1402 IV,
946 1329 980 1386 6:
1015 1330 1076 1392 τοὺς
1099 1330 1186 1394 πόδας
1207 1331 1268 1393 τοὺς

144 1437 302 1511 προσθίους
317 1437 423 1509 μείζους
442 1435 497 1492 ἔνιοι
514 1437 614 1492 τούτων
636 1435 700 1507 ἔχει,
723 1435 806 1500 ὅπως,
825 1432 916 1500 ἐπειδὴ·
933 1431 977 1488 διὰ
996 1432 1026 1488 τὸ
1046 1433 1267 1506 σκληρόφθσλμα

144 1534 213 1595 εἶναι
245 1538 293 1596 οὐκ
327 1537 440 1614 ἀκριβῶς
467 1538 512 1607 τὴν
541 1538 605 1614 ’ὄψιν
633 1538 704 1609 ἔχει,
735 1537 768 1592 τὰ
797 1538 1005 1610 προσπίπτοντα
1034 1537 1089 1597 τοῖς
1118 1537 1268 1609 προσθίοις

145 1642 362 1715 ὀποιοθαίρωσι
397 1642 524 1698 σκέλεσιν.
579 1641 642 1699 Hoc
675 1641 748 1698 vitio
778 1633 915 1696 locustae
935 1636 1089 1706 laborant,
1125 1635 1160 1693 cl.
1190 1635 1267 1696 Pliu.

145 1743 184 1802 H.
204 1741 241 1802 N.
260 1743 279 1800 l.
298 1745 332 1802 l.:
368 1743 508 1810 „locustis
531 1743 648 1818 squillis
671 1760 779 1816 magna
801 1762 838 1798 ex
864 1745 949 1816 parte
973 1739 1027 1796 sub
1047 1738 1151 1796 eodem
1173 1741 1269 1798 muni-

146 1853 248 1904 mento
270 1845 401 1921 praeduri
425 1848 555 1903 eminent
579 1837 713 1922 (oculi).“
762 1839 914 1902 ίιιοιιείαιιι
937 1840 1033 1914 codd,
1064 1841 1099 1899 cl.
1119 1841 1269 1916 Schwabe,

146 1949 224 2007 Anu.
247 1947 320 2025 phil.
345 1947 393 2006 CV
414 1966 444 2022 p.
463 1949 535 2006 415.
557 1977 600 1988 —
626 1943 734 2018 ,horno
755 1940 978 2024 iynuuissume.
1023 1943 1140 2002 Medico
1161 1951 1271 2024 putant

146 2069 208 2110 non
232 2058 292 2108 tem
317 2051 468 2126 ignaviam
490 2069 580 2126 quum
604 2049 783 2128 imperitiam
808 2055 945 2125 oportere
968 2047 1151 2124 exprobrari,
1175 2067 1269 2126 eoque

147 2154 316 2228 corrigunt:
352 2153 558 2226 ignarissume.
625 2151 684 2210 Sed
714 2152 887 2211 observasse
916 2148 1097 2222 debuerant,
1131 2149 1270 2224 ignavum

146 2230 255 2313 Plauto
278 2258 389 2332 passim
412 2274 467 2330 pro
489 2254 607 2314 bomine
629 2254 713 2311 nihili
738 2274 771 2311 ac
789 2253 900 2312 nullius
916 2270 987 2309 usne
1006 2251 1093 2328 poni,
1117 2250 1183 2311 Cas.
1197 2255 1269 2313 224.

149 2359 219 2416 511.
242 2356 324 2416 Pers.
339 2358 410 2415 847,
435 2356 516 2416 Trin.
535 2358 602 2416 165.
617 2358 688 2416 926.
711 2355 788 2414 Rud.
803 2351 893 2414 829.“
925 2351 1055 2413 Gronov,
1080 2354 1116 2412 cs.
1129 2353 1166 2412 ad
1179 2355 1269 2415 Most.

150 2462 220 2518 133.
240 2489 282 2500 -·
306 2461 366 2518 909
385 2479 429 2536 sq.
454 2457 540 2516 affert
551 2459 666 2518 Nonius
678 2479 707 2537 p.
721 2461 791 2532 255,
815 2457 892 2515 unde
909 2457 1075 2516 emendavit
1092 2455 1137 2515 ed.
1150 2476 1196 2534 pr.
1230 2457 1271 2518 Ut

146 2561 176 2620 h.
202 2563 221 2622 l.
246 2557 398 2637 crepitare
420 2561 505 2632 ieme,
529 2565 571 2618 ita
594 2561 659 2620 Ges.
684 2561 761 2620 752:
795 2559 886 2634 „mibi
910 2560 1055 2616 inanitate
1078 2561 1137 2616 iam
1160 2559 1271 2620 dudum

146 2666 290 2722 intestina
312 2661 527 2722 murmurant“.
550 2694 591 2704 ...
616 2665 686 2722 919.
720 2656 954 2722 Perdormiscin
978 2661 1023 2718 ed.
1044 2680 1090 2738 pr.
1141 2655 1283 2732 Faciles.

148 2767 305 2844 Scioppius
329 2785 399 2838 em.‚
434 2766 467 2824 R.
496 2765 634 2838 ,facilin“
667 2767 794 2824 retinuit
821 2764 926 2822 eodem
949 2783 1051 2835 sensu,
1083 2783 1113 2832 y.
1138 2765 1175 2824 ad
1200 2767 1271 2824 783.

149 2863 268 2928 cubans
290 2868 367 2926 idem
387 2867 549 2947 Scioppius.
596 2868 681 2939 Quod
705 2873 803 2926 autem
828 2855 929 2925 eddem
954 2871 1075 2924 auctore
1098 2865 1159 2925 boeo
1181 2865 1273 2926 verbs

148 2970 264 3030 medico
288 2973 470 3042 continuant,
495 2971 649 3028 Acidalius
673 2970 801 3047 quidem,
826 2969 869 3040 R,
895 2968 944 3027 Br.
968 2969 1056 3025 etlam
1083 2965 1270 3040 „obdormis“

149 3073 329 3146 scribentes,
354 3093 451 3130 rernm
476 3073 610 3131 ordinem
634 3075 802 3144 invertunt,
832 3091 900 3128 nsm
923 3072 1006 3148 prius
1028 3069 1273 3132 obdormiscimus

149 3195 238 3252 qnam
262 3175 532 3250 perdormiscimns.
589 3175 682 3233 Immo
705 3173 881 3233 Menaechrni
909 3173 971 3231 baec
1000 3178 1081 3247 sunt,
1116 3175 1167 3250 qui
1194 3194 1273 3252 qure-

149 3277 247 3335 stione
269 3277 370 3334 inutili
392 3279 486 3335 iratus
508 3278 617 3336 similis
640 3277 748 3336 reddit.
794 3277 949 3335 Proximus
973 3280 1070 3334 sutem
1088 3293 1191 3335 versus
1210 3280 1273 3336 sins

149 3378 240 3437 dubio
274 3379 392 3456 spurius
416 3385 486 3450 ·est;
520 3399 573 3437 nec
607 3383 685 3438 enim
715 3378 846 3438 eiusdem
875 3377 1003 3436 bominis
1032 3385 1078 3436 est
1106 3379 1204 3457 lepide
1236 3379 1274 3438 ad

148 3483 363 3557 interrogatum
394 3481 573 3557 respondere
602 3489 631 3539 et
654 3483 850 3555 interroganti
873 3481 1064 3539 vehementer
1085 3480 1272 3540 maledicere.

148 3583 185 3642 R.
204 3586 377 3642 lacunosum
400 3583 498 3640 locum
522 3603 584 3641 esse
601 3587 719 3662 putavit
737 3592 767 3642 et
784 3585 874 3642 talem
895 3584 952 3642 sibi
970 3584 1144 3642 informavit
1161 3585 1273 3642 animo:

192 3686 414 3744 Perdormiscin
437 3691 470 3744 tu
493 3705 586 3764 usque
609 3685 647 3743 sd
665 3683 779 3744 lucem?
805 3685 906 3744 sacilin
922 3691 956 3742 tn
975 3685 1126 3743 obdormis
1143 3685 1274 3746 cubans?

193 3787 289 3846 ΜΕΝ.
313 3787 521 3848 Perdormisco
547 3785 585 3861 [si
608 3808 654 3846 me
677 3788 751 3846 flore
775 3790 846 3846 satis
869 3789 1007 3865 conpleui
1030 3787 1144 3848 Liberi:
1202 3843 1204 3850 ,

97 3956 101 3962 ,
194 3887 409 3964 Obdormisco]‚
434 3893 458 3950 si
483 3892 592 3949 resolui
615 3897 781 3964 argentum,
805 3892 875 3967 quoi
899 3909 953 3965 ego
977 3889 1081 3948 debeo.

150 3994 224 4052 Post
258 3993 319 4050 haec
352 4001 451 4050 autem
484 3995 586 4070 pluras
621 3994 728 4050 medici
758 4013 861 4050 versus
891 3992 1079 4050 intercidisse
1107 3997 1203 4069 putat.
1235 4023 1272 4064 -,

150 4090 283 4169 resolui,
316 4115 342 4149 v.
375 4095 409 4152 ad
440 4097 522 4154 Asin.
553 4096 623 4154 429.
669 4095 713 4152 Ne
742 4097 841 4154 hiatus
870 4097 901 4152 in
930 4094 1045 4152 dieresi
1068 4101 1159 4168 esset,
1190 4095 1274 4156 Mlill.

154 4194 218 4271 ,ai“
245 4197 382 4256 addebat.
407 4225 444 4238 -
471 4199 542 4257 914.
576 4191 649 4272 Qui,
680 4198 716 4255 cf.
741 4199 812 4256 440.
841 4226 877 4237 —
905 4199 976 4255 915.
1002 4192 1039 4256 cle
1065 4189 1134 4256 illis
1162 4194 1275 4272 certio,

150 4302 186 4359 cl.
211 4300 282 4358 264.
345 4298 415 4358 Haec
454 4321 518 4358 cum
548 4299 720 4376 SpengeliO,
755 4300 852 4358 Pleut.
884 4319 913 4375 p.
947 4299 1000 4371 12,
1036 4299 1277 4359 antecedentibus
