2976 5018
292 445 348 504 102
794 437 883 492 Plauti

681 627 1005 693 Alcesimarchus

286 738 371 803 Face
394 737 494 802 semel
518 738 685 820 periclum.

744 853 942 920 Melaenis

726 965 829 1047 Saepe
853 961 924 1039 leci,
948 962 1035 1046 qnod
1059 962 1183 1028 factum
1206 987 1327 1050 queror.

681 1081 1010 1148 Alcesimarchus

287 1194 399 1259 Redde
422 1193 501 1258 mihi
523 1193 622 1257 illam.

750 1311 949 1378 Melaenis

528 1421 620 1488 Inter
640 1445 759 1488 nouam
783 1442 849 1485 rem
873 1418 1010 1484 uerbum
1034 1423 1202 1506 usurpabo
1226 1430 1330 1488 uetus:
1347 1439 1391 1491 3³0

286 1530 380 1606 Quod
404 1530 493 1606 dedi,
527 1531 641 1596 datum
669 1553 735 1597 non
765 1529 899 1609 uellsm3
934 1529 1022 1612 quod
1054 1529 1212 1595 relicuum
1240 1539 1300 1610 est,
1336 1549 1389 1594 non

1002 1634 1097 1702 dabo.

681 1754 1011 1821 Alcesimarchus

284 1866 359 1930 Non
380 1865 558 1930 remissura
581 1886 614 1930 es
638 1864 716 1930 mihi
739 1863 853 1930 illam?

747 1984 945 2049 Melaenis

885 2091 949 2157 Pro
973 2114 1023 2158 me
1045 2115 1206 2178 responsa
1227 2095 1295 2161 tibi.

674 2212 1011 2278 Alcesimarchus

284 2321 359 2387 Non
381 2321 551 2386 remittes?

745 2439 946 2504 Melaenis

589 2547 659 2613 Scis
682 2549 747 2612 iam
771 2547 894 2612 dudum
917 2569 1046 2614 omnem
1070 2572 1174 2616 meam
1200 2551 1390 2617 sententiam.

682 2667 1011 2734 Alcesimarchus
1463 2677 1464 2718 l

288 2776 381 2842 Satin
404 2778 491 2842 istuc
512 2774 574 2840 tibi
596 2776 630 2839 iu
653 2775 750 2840 corde
774 2783 899 2840 certum
923 2777 998 2841 est?

747 2893 945 2961 Melaenis

854 3001 939 3080 Quin
962 3025 1023 3086 ego
1046 3015 1239 3073 conmentor
1259 3007 1392 3093 quidem

284 3115 357 3179 Non
381 3114 498 3197 edepol
521 3114 623 3177 istaec
646 3119 704 3176 tun
727 3112 817 3176 dicta
840 3133 925 3177 nunc
947 3114 980 3178 in
1004 3133 1100 3179 eures
1122 3117 1255 3199 recipio.
1349 3126 1392 3182 335

679 3243 1010 3310 Alcesimarchus
1036 3237 1042 3252 ’

285 3353 379 3420 Non?
424 3353 522 3432 Hcm;
550 3353 628 3435 qnid
652 3353 721 3434 agis
743 3352 865 3435 igitur?
909 3353 1058 3417 Animum
1081 3354 1235 3436 aduerte,
1258 3364 1302 3434 ut,
1325 3347 1393 3438 quid

998 3483 1090 3545 agas,
1112 3465 1210 3530 scias.

285 3571 328 3633 nt
350 3570 399 3633 ita
419 3589 471 3632 me
494 3568 527 3632 di
551 3570 705 3652 deaeque,
729 3571 840 3653 superi
863 3577 962 3654 atque
984 3571 1081 3636 inseri
1104 3579 1138 3638 et
1161 3571 1362 3647 mediorum,

285 3678 401 3760 ltaque
425 3698 475 3742 me
499 3676 580 3742 Iuno
603 3679 715 3759 regina
739 3685 772 3742 et
793 3678 883 3742 Iouis
908 3681 1051 3763 supremi
1074 3680 1151 3762 filia,

286 3787 400 3871 Itaque
424 3808 475 3850 me
499 3786 670 3866 Saturnus,
694 3795 831 3869 patruus
855 3789 934 3864 eius,

745 3929 940 3996 Melaenis

1012 4042 1150 4107 Ecastor
1172 4053 1277 4127 pater.

369 4245 419 4297 330
436 4241 559 4298 RedeB
652 4245 700 4297 331
720 4244 855 4314 reliquum
939 4247 990 4300 336
1008 4245 1093 4301 MEL.
1112 4249 1203 4316 lgitnr
1280 4249 1328 4302 333
1344 4243 1394 4298 eius

284 4336 312 4382 st
331 4337 424 4384 castor
441 4329 478 4397 Β,
500 4329 558 4382 eins
577 4337 689 4384 ecastor
706 4329 754 4384 11⁴1
