2982 5014
254 367 316 428 436
729 359 904 416 ucnnchmi.

252 587 295 598 —
329 559 400 616 898.
434 550 489 617 Est
518 549 638 632 edepol,
673 575 699 616 v.
727 556 795 614 161.
830 583 869 596 -
907 553 979 612 894.
1015 545 1057 614 Se
1079 552 1125 611 sd.
1148 572 1195 630 pr.
1229 581 1269 592 -
1304 554 1373 612 895.

253 659 388 734 apertae.
445 659 540 720 Homo
568 659 664 716 tristis
697 657 881 716 lamentatur
913 654 1044 716 brachiis
1077 657 1205 732 spei-tis,
1239 657 1257 712 i.
1282 675 1308 713 s.
1340 673 1374 711 ex

252 762 345 840 pallio
369 763 510 834 exsertis;
534 760 589 820 boc
611 779 678 818 enm
701 759 799 818 facere
823 765 905 818 rotat
928 758 1070 816 medicus.
1090 785 1133 798 —
1156 759 1228 817 897.
1251 751 1376 834 Ecquid

253 861 373 926 sonim?
406 885 445 924 sc.
469 883 536 922 eum
564 864 702 922 insanire.
759 861 827 920 Hrac
858 881 923 921 cum
951 859 1037 919 codd.
1061 859 1175 918 medico
1205 859 1374 933 tribuimus,

253 969 389 1046 proxima
410 943 582 1036 verereri,
605 983 672 1023 nam
695 983 762 1022 eum
785 961 916 1022 medicus
939 963 1085 1022 allocutus
1109 970 1188 1035 erat;
1218 964 1242 1020 is
1265 969 1374 1036 antem

254 1073 325 1148 quia
345 1089 451 1148 parum
472 1067 551 1126 clare
573 1068 780 1143 interrogarit,
803 1086 864 1125 non
887 1065 982 1124 multo
1005 1065 1094 1124 aliter
1112 1065 1272 1142 respondet
1290 1085 1377 1141 quam

253 1175 401 1250 parasitus
424 1170 510 1248 Gapt.
530 1173 600 1230 854.
645 1169 760 1229 Ritscb.
779 1168 948 1228 Acidalium
972 1173 1106 1228 secutus:
1135 1165 1238 1240 „Stre
1262 1167 1376 1245 Ecquid

253 1273 366 1333 sentis?
402 1271 496 1332 MED.
525 1271 635 1346 Quidni
658 1269 805 1331 sentiam?
835 1269 909 1330 cet.“
942 1299 983 1310 -
1013 1271 1084 1329 898.
1120 1266 1227 1347 iupere
1249 1271 1297 1338 sd.
1321 1291 1376 1348 pr.,

253 1396 306 1436 nec
317 1381 432 1434 mutare
444 1379 547 1448 ausim,
565 1377 699 1452 quamvis
716 1374 777 1433 hacc
797 1373 919 1432 ablativi
932 1374 1025 1432 forms
1036 1392 1095 1431 non
1109 1373 1182 1432 alibi
1196 1376 1375 1444 inveniatur,

253 1498 322 1538 nam
345 1477 424 1556 opud
448 1477 506 1536 Cic.
532 1477 613 1536 Verr.
637 1477 690 1550 111,
713 1477 763 1549 47,
789 1479 848 1534 112
878 1475 966 1534 bodie
994 1495 1030 1533 ex
1059 1473 1145 1534 codd.
1170 1483 1200 1534 et
1222 1476 1376 1535 Prisciano

257 1577 397 1658 „iugero“
412 1581 525 1653 editur;
547 1580 599 1638 sed
611 1580 721 1658 plurali
733 1599 856 1638 numero
868 1579 1043 1656 plerumque
1059 1577 1261 1656 „iugeribns“.
1275 1609 1318 1620 —
1333 1575 1376 1636 Ad

253 1683 328 1742 hanc
341 1703 402 1742 rom
421 1678 632 1759 optinendam,
653 1685 672 1741 i.
685 1701 710 1741 e.
725 1681 919 1752 efficiendam,
939 1682 975 1740 cf.
990 1680 1166 1752 secutos,
1185 1682 1232 1739 vel
1244 1681 1284 1740 ad
1303 1681 1376 1738 bunc

254 1786 388 1844 morbum
412 1784 573 1844 curandum
596 1785 663 1863 plns
687 1787 730 1842 ait
753 1783 899 1844 hellebori
921 1803 995 1861 opus
1017 1803 1089 1854 esse,
1119 1803 1209 1860 quam
1232 1787 1375 1859 qnantum

253 1891 356 1964 iugero
374 1889 438 1962 agri
454 1889 567 1964 percipi
579 1888 681 1963 possit,
700 1905 823 1964 prorsus
835 1892 869 1944 ut
881 1885 983 1943 Horat.
997 1883 1058 1944 snt.
1072 1887 1107 1957 Π,
1127 1887 1154 1957 3,
1169 1887 1225 1944 83:
1254 1885 1375 1956 „Nescio
1457 1947 1458 1950 Ἴ

255 2009 292 2050 an
315 1991 487 2066 Anticyram
511 1991 589 2048 ratic
611 1989 671 2048 illis
695 1988 824 2048 destinet
841 1983 989 2046 omnem“.
1034 1987 1089 2064 Ep.
1113 1987 1151 2046 ad
1175 1987 1277 2047 Pison.
1303 1989 1374 2048 300:

258 2092 374 2166 „tribus
407 2093 557 2168 Anticyris
591 2097 680 2170 caput
711 2087 908 2150 insanabile“.
965 2089 1001 2149 B.
1031 2109 1067 2147 ex
1096 2089 1278 2150 Lachmanni
1313 2110 1375 2150 eon-

254 2197 382 2255 iectura:
410 2192 593 2271 „unguine“;
617 2211 719 2254 rerum
741 2213 800 2251 non
823 2199 989 2266 unguento,
1013 2192 1065 2250 sed
1088 2193 1209 2270 potione
1233 2192 1375 2251 hellebori
1457 2181 1458 2234 i

255 2303 376 2356 curatur
393 2297 516 2366 insania,
540 2295 575 2354 cf.
595 2295 717 2354 Lucian.
738 2293 796 2355 Vit.
816 2300 892 2354 auct.
907 2296 961 2353 23:
985 2294 1018 2352 ου’
1038 2297 1118 2368 θέμις
1134 2297 1270 2370 γενέσθαι
1285 2295 1376 2366 σοφόν,
1457 2335 1458 2362 ,

255 2401 286 2468 tr
307 2401 343 2474 μὴ
365 2399 421 2476 τρὶς
443 2401 536 2471 ἐφεξῆς
558 2401 606 2455 rob
628 2399 768 2474 ἐλλεβόρου
796 2401 864 2472 πίῃς.
888 2425 929 2436 -
956 2398 1027 2455 899.
1057 2392 1135 2472 quid
1158 2393 1227 2456 ais?
1250 2398 1290 2455 of.
1310 2399 1376 2457 314.

255 2531 297 2542 -
316 2504 386 2561 900.
410 2497 529 2560 Album
545 2516 586 2560 an
603 2502 717 2559 alcum.
765 2500 905 2574 „Colores
922 2495 1019 2558 vinis“
1046 2501 1087 2557 ait
1104 2499 1181 2558 Plin.
1202 2499 1237 2558 H.
1252 2500 1290 2560 N.
1303 2499 1376 2572 xiv,

256 2607 285 2676 9,
312 2607 360 2676 ll,
385 2607 424 2664 80
451 2609 624 2679 „quattuor,
660 2603 761 2674 albus,
791 2604 902 2674 fulvus,
932 2605 1125 2679 sanguineus,
1156 2599 1272 2678 niger“.
1324 2601 1377 2660 Sed

256 2712 393 2766 accurate
424 2707 553 2782 exigenti
584 2708 683 2764 vinum
711 2725 766 2764 nec
796 2705 894 2763 album
923 2724 977 2762 nec
1006 2707 1124 2778 nigrum
1151 2725 1174 2762 s.
1199 2711 1298 2762 atrum
1327 2711 1374 2776 cst,

257 2815 286 2866 et
310 2811 340 2866 in
363 2808 571 2886 respondendo
593 2808 792 2866 Menaechmus
816 2827 874 2866 non
897 2808 992 2866 solum
1015 2809 1151 2866 inutilem
1175 2807 1282 2866 medici
1301 2826 1374 2884 qua-

256 2914 382 2970 stionem
406 2917 592 2989 aspernatur,
616 2912 667 2968 sed
691 2914 778 2970 etism
803 2908 951 2984 significat
974 2931 1005 2968 se
1022 2929 1082 2970 non
1098 2911 1192 2984 magis
1210 2910 1310 2968 album
1328 2915 1375 2966 ant

258 3019 354 3072 atrum
377 3015 477 3071 unum
500 3019 621 3090 potare,
652 3033 740 3090 quam
767 3032 873 3090 panem
902 3013 989 3072 edere
1011 3031 1194 3090 purpureum
1219 3017 1272 3070 aut
1296 3013 1375 3090 puni·

256 3137 339 3174 ceum
362 3121 414 3175 aut
436 3117 558 3188 luteum,
583 3116 678 3193 qualis
701 3115 799 3174 nullus
823 3121 876 3186 est,
900 3134 967 3173 nam
991 3117 1076 3191 panis
1095 3113 1180 3172 albus
1199 3133 1263 3172 esse
1283 3115 1373 3184 debat,

257 3225 309 3278 aut
331 3237 399 3278 aves
421 3220 567 3294 squamis,
602 3220 697 3295 pisces
725 3219 830 3294 pennis
860 3220 1029 3277 instructos.
1060 3247 1102 3258 —
1128 3215 1174 3274 Ex
1202 3217 1238 3274 iis
1262 3237 1328 3294 quse
1347 3217 1374 3272 in

257 3321 388 3398 margine
415 3319 479 3380 cod.
504 3319 527 3378 B
550 3321 587 3378 ad
610 3320 695 3380 Curc.
721 3322 781 3380 242
805 3320 957 3398 adscripta
978 3325 1057 3390 sunt,
1081 3339 1108 3378 r.
1129 3319 1240 3377 Comm.
1259 3341 1289 3397 p.
1312 3319 1396 3400 547„

258 3424 293 3483 R.
318 3425 485 3500 suspicatus
508 3430 553 3480 est
577 3423 635 3481 duo
659 3443 761 3482 versus
784 3421 875 3480 fuisse
899 3422 935 3479 ad
958 3422 1018 3480 tale
1041 3421 1204 3499 exemplar:

299 3525 407 3584 Album
419 3545 456 3584 an
468 3531 565 3583 atrum
576 3527 678 3583 uinum
696 3525 803 3602 potes?
826 3523 922 3582 MEN.
943 3525 1021 3597 Quid
1033 3524 1088 3584 tibi
1105 3525 1271 3600 quaesitost
1283 3517 1372 3602 opus?

300 3625 409 3702 [MED.
434 3627 537 3705 Magni
556 3628 657 3699 refert,
676 3631 728 3705 qui
745 3629 825 3687 colos
844 3624 896 3701 sit]
920 3626 1015 3686 ΜΕΝ.
1036 3626 1113 3698 Quin
1129 3631 1163 3684 tu
1180 3628 1206 3684 is
1223 3629 1255 3684 in
1274 3625 1373 3684 malam
1456 3617 1457 3684 i

456 3733 461 3741 “
1180 3729 1318 3786 crucem?
1456 3727 1457 3734 ’

258 3831 316 3892 Sed
338 3851 432 3908 parvo
455 3832 629 3891 estimanda
652 3851 715 3890 esse
738 3833 809 3902 ista,
834 3850 899 3908 quae
923 3831 971 3889 vel
993 3830 1107 3889 librarii
1130 3831 1177 3887 vel
1195 3830 1327 3908 legentes
1343 3845 1372 3884 ex
1456 3831 1457 3840 ’

256 3936 399 3993 memoris
410 3937 440 3992 in
452 3937 585 4009 margine
598 3934 830 4012 adscripserunt,
849 3939 975 4010 apparet
993 3939 1165 4011 comparato
1183 3933 1278 3992 altero
1295 3933 1372 3990 huius

257 4035 366 4095 febulae
388 4036 466 4110 loco,
494 4058 522 4096 v.
548 4038 607 4097 907
633 4057 687 4114 sq„
713 4039 818 4114 quiin
841 4036 942 4095 eodem
966 4035 1031 4096 cod.
1056 4037 1095 4096 ad
1117 4035 1234 4094 Curcul.
1259 4037 1317 4094 222
1339 4033 1374 4089 sio

259 4139 451 4200 adscribitur:
491 4139 611 4212 „Solent
644 4139 699 4197 tibi
727 4140 806 4198 oculi
834 4139 901 4197 duri
932 4136 1018 4197 fieri?
1062 4137 1209 4198 Ceusesns
1237 4137 1373 4197 lcc'ustcm

258 4237 357 4300 esse?“
383 4272 427 4283 -
448 4244 520 4302 901.
547 4236 739 4319 primulum,
775 4243 812 4300 ci.
839 4244 929 4300 1096.
975 4241 1041 4299 Mil.
1066 4241 1137 4300 998.
1164 4267 1208 4279 -·-
1239 4233 1322 4314 Quin
1347 4235 1374 4294 ta
