<?xml version="1.0" encoding="UTF-8"?>
<!DOCTYPE html PUBLIC "-//W3C//DTD XHTML 1.0 Transitional//EN"
    "http://www.w3.org/TR/xhtml1/DTD/xhtml1-transitional.dtd">
<html xmlns="http://www.w3.org/1999/xhtml" xml:lang="en" lang="en">
 <head>
  <title>
</title>
<meta http-equiv="Content-Type" content="text/html;charset=utf-8" />
  <meta name='ocr-system' content='tesseract 3.04.00' />
  <meta name='ocr-capabilities' content='ocr_page ocr_carea ocr_par ocr_line ocrx_word'/>
</head>
<body>
  <div class='ocr_page' id='page_1' title='image "./tmacciiplautico03ussigoog_0562.png"; bbox 0 0 2970 5006; ppageno 0'>
   <div class='ocr_carea' id='block_1_1' title="bbox 571 357 1233 424">
    <p class='ocr_par' dir='ltr' id='par_1_1' title="bbox 571 357 1233 424">
     <span class='ocr_line' id='line_1_1' title="bbox 571 357 1233 424; baseline 0.018 -11"><span class='ocrx_word' id='word_1_1' title='bbox 571 357 604 414; x_wconf 85' lang='lat' dir='ltr'><strong>V.</strong></span> <span class='ocrx_word' id='word_1_2' title='bbox 622 357 764 414; x_wconf 72' lang='lat' dir='ltr'><strong>see-em</strong></span> <span class='ocrx_word' id='word_1_3' title='bbox 1173 363 1233 424; x_wconf 84' lang='lat'><strong>339</strong></span> 
     </span>
    </p>
   </div>
   <div class='ocr_carea' id='block_1_2' title="bbox 103 550 1234 4214">
    <p class='ocr_par' dir='ltr' id='par_1_2' title="bbox 103 550 1234 4214">
     <span class='ocr_line' id='line_1_2' title="bbox 105 550 1234 630; baseline 0 -18"><span class='ocrx_word' id='word_1_4' title='bbox 105 551 210 613; x_wconf 86' lang='lat' dir='ltr'><strong>mum“</strong></span> <span class='ocrx_word' id='word_1_5' title='bbox 236 557 289 612; x_wconf 84' lang='lat' dir='ltr'><strong>aut</strong></span> <span class='ocrx_word' id='word_1_6' title='bbox 314 551 452 627; x_wconf 85' lang='lat' dir='ltr'><strong>„modo“.</strong></span> <span class='ocrx_word' id='word_1_7' title='bbox 481 583 521 596; x_wconf 92' lang='lat'><em>-</em></span> <span class='ocrx_word' id='word_1_8' title='bbox 558 555 628 614; x_wconf 78' lang='lat'><strong>573.</strong></span> <span class='ocrx_word' id='word_1_9' title='bbox 662 555 782 614; x_wconf 87' lang='lat' dir='ltr'><strong>Initium</strong></span> <span class='ocrx_word' id='word_1_10' title='bbox 811 571 914 610; x_wconf 85' lang='lat' dir='ltr'><strong>versus</strong></span> <span class='ocrx_word' id='word_1_11' title='bbox 936 550 1030 630; x_wconf 84' lang='lat' dir='ltr'><strong>Gepp.</strong></span> <span class='ocrx_word' id='word_1_12' title='bbox 1053 553 1125 629; x_wconf 82' lang='lat' dir='ltr'><strong>legit</strong></span> <span class='ocrx_word' id='word_1_13' title='bbox 1153 553 1234 612; x_wconf 89' lang='lat' dir='ltr'><strong>inA</strong></span> 
     </span>
     <span class='ocr_line' id='line_1_3' title="bbox 105 650 1233 734; baseline 0.001 -21"><span class='ocrx_word' id='word_1_14' title='bbox 105 650 225 733; x_wconf 86' lang='lat' dir='ltr'><strong>(Ueber</strong></span> <span class='ocrx_word' id='word_1_15' title='bbox 257 655 315 714; x_wconf 90' lang='lat' dir='ltr'><strong>den</strong></span> <span class='ocrx_word' id='word_1_16' title='bbox 348 655 450 716; x_wconf 83' lang='lat' dir='ltr'>Codex</span> <span class='ocrx_word' id='word_1_17' title='bbox 481 655 695 716; x_wconf 77' lang='lat' dir='ltr'><strong>Ambrosianus</strong></span> <span class='ocrx_word' id='word_1_18' title='bbox 727 676 757 734; x_wconf 91' lang='lat' dir='ltr'><strong>p.</strong></span> <span class='ocrx_word' id='word_1_19' title='bbox 790 656 829 713; x_wconf 86' lang='lat'><strong>30</strong></span> <span class='ocrx_word' id='word_1_20' title='bbox 858 659 888 712; x_wconf 88' lang='lat' dir='ltr'><strong>et</strong></span> <span class='ocrx_word' id='word_1_21' title='bbox 918 651 984 728; x_wconf 84' lang='lat'><strong>33);</strong></span> <span class='ocrx_word' id='word_1_22' title='bbox 1019 655 1061 713; x_wconf 86' lang='lat' dir='ltr'><strong>sio</strong></span> <span class='ocrx_word' id='word_1_23' title='bbox 1094 655 1233 733; x_wconf 87' lang='lat' dir='ltr'><strong>supplere</strong></span> 
     </span>
     <span class='ocr_line' id='line_1_4' title="bbox 105 755 1233 831; baseline -0.001 -15"><span class='ocrx_word' id='word_1_24' title='bbox 105 764 253 816; x_wconf 81' lang='lat' dir='ltr'><strong>conatur:</strong></span> <span class='ocrx_word' id='word_1_25' title='bbox 290 758 361 831; x_wconf 90' lang='lat' dir='ltr'><strong>„Ait</strong></span> <span class='ocrx_word' id='word_1_26' title='bbox 393 758 442 818; x_wconf 80' lang='lat' dir='ltr'><strong>hie</strong></span> <span class='ocrx_word' id='word_1_27' title='bbox 468 759 526 818; x_wconf 89' lang='lat' dir='ltr'><strong>tibi</strong></span> <span class='ocrx_word' id='word_1_28' title='bbox 553 763 663 818; x_wconf 80' lang='lat' dir='ltr'>sortem</span> <span class='ocrx_word' id='word_1_29' title='bbox 692 763 786 816; x_wconf 86' lang='lat' dir='ltr'><strong>totam</strong></span> <span class='ocrx_word' id='word_1_30' title='bbox 814 762 1036 818; x_wconf 72' lang='lat' dir='ltr'><strong>numeraturum</strong></span> <span class='ocrx_word' id='word_1_31' title='bbox 1064 755 1162 818; x_wconf 86' lang='lat' dir='ltr'><strong>erus“.</strong></span> <span class='ocrx_word' id='word_1_32' title='bbox 1191 785 1233 798; x_wconf 88' lang='lat'>-</span> 
     </span>
     <span class='ocr_line' id='line_1_5' title="bbox 105 853 1233 934; baseline 0.001 -17"><span class='ocrx_word' id='word_1_33' title='bbox 105 889 153 901; x_wconf 87' lang='lat'>-</span> <span class='ocrx_word' id='word_1_34' title='bbox 177 861 248 919; x_wconf 81' lang='grc'><strong>575.</strong></span> <span class='ocrx_word' id='word_1_35' title='bbox 272 853 327 920; x_wconf 74' lang='lat' dir='ltr'><strong>Eu</strong></span> <span class='ocrx_word' id='word_1_36' title='bbox 349 855 458 934; x_wconf 74' lang='lat' dir='ltr'><strong>hercle,</strong></span> <span class='ocrx_word' id='word_1_37' title='bbox 482 881 510 920; x_wconf 84' lang='lat' dir='ltr'><strong>v.</strong></span> <span class='ocrx_word' id='word_1_38' title='bbox 534 859 572 920; x_wconf 89' lang='lat' dir='ltr'><strong>ad</strong></span> <span class='ocrx_word' id='word_1_39' title='bbox 597 862 667 920; x_wconf 82' lang='lat'><strong>331.</strong></span> <span class='ocrx_word' id='word_1_40' title='bbox 722 860 758 919; x_wconf 87' lang='lat' dir='ltr'><strong>R.</strong></span> <span class='ocrx_word' id='word_1_41' title='bbox 782 879 847 918; x_wconf 84' lang='lat' dir='ltr'><strong>eum</strong></span> <span class='ocrx_word' id='word_1_42' title='bbox 869 858 1049 918; x_wconf 79' lang='lat' dir='ltr'><strong>Schneidero</strong></span> <span class='ocrx_word' id='word_1_43' title='bbox 1072 859 1123 919; x_wconf 83' lang='lat' dir='ltr'><strong>Gr.</strong></span> <span class='ocrx_word' id='word_1_44' title='bbox 1147 859 1233 920; x_wconf 90' lang='lat' dir='ltr'><strong>lat.1</strong></span> 
     </span>
     <span class='ocr_line' id='line_1_6' title="bbox 104 958 1233 1040; baseline 0.003 -20"><span class='ocrx_word' id='word_1_45' title='bbox 104 983 140 1040; x_wconf 87' lang='lat' dir='ltr'><strong>p.</strong></span> <span class='ocrx_word' id='word_1_46' title='bbox 166 963 227 1021; x_wconf 89' lang='grc'><strong>140</strong></span> <span class='ocrx_word' id='word_1_47' title='bbox 254 958 368 1035; x_wconf 86' lang='lat' dir='ltr'><strong>,Hen“‚</strong></span> <span class='ocrx_word' id='word_1_48' title='bbox 397 964 447 1021; x_wconf 85' lang='lat' dir='ltr'><strong>vix</strong></span> <span class='ocrx_word' id='word_1_49' title='bbox 474 967 566 1023; x_wconf 85' lang='lat' dir='ltr'><strong>reete.</strong></span> <span class='ocrx_word' id='word_1_50' title='bbox 617 977 657 1022; x_wconf 78' lang='lat' dir='ltr'><strong>ne</strong></span> <span class='ocrx_word' id='word_1_51' title='bbox 683 962 806 1021; x_wconf 77' lang='lat' dir='ltr'><strong>additur</strong></span> <span class='ocrx_word' id='word_1_52' title='bbox 833 965 921 1021; x_wconf 78' lang='lat' dir='ltr'><strong>etiarn</strong></span> <span class='ocrx_word' id='word_1_53' title='bbox 951 963 1029 1022; x_wconf 89' lang='lat' dir='ltr'><strong>Rnd.</strong></span> <span class='ocrx_word' id='word_1_54' title='bbox 1054 965 1131 1023; x_wconf 78' lang='lat'>821:</span> <span class='ocrx_word' id='word_1_55' title='bbox 1168 963 1233 1038; x_wconf 86' lang='lat' dir='ltr'><strong>„Eu</strong></span> 
     </span>
     <span class='ocr_line' id='line_1_7' title="bbox 103 1062 1232 1142; baseline 0.003 -19"><span class='ocrx_word' id='word_1_56' title='bbox 103 1063 209 1124; x_wconf 85' lang='lat' dir='ltr'><strong>hercle</strong></span> <span class='ocrx_word' id='word_1_57' title='bbox 231 1085 268 1124; x_wconf 92' lang='lat' dir='ltr'><strong>ue</strong></span> <span class='ocrx_word' id='word_1_58' title='bbox 285 1067 353 1122; x_wconf 85' lang='lat' dir='ltr'><strong>istie</strong></span> <span class='ocrx_word' id='word_1_59' title='bbox 369 1065 439 1124; x_wconf 82' lang='lat' dir='ltr'><strong>fens</strong></span> <span class='ocrx_word' id='word_1_60' title='bbox 457 1069 611 1124; x_wconf 85' lang='lat' dir='ltr'><strong>mutentur</strong></span> <span class='ocrx_word' id='word_1_61' title='bbox 628 1062 718 1124; x_wconf 83' lang='lat' dir='ltr'><strong>eito“.</strong></span> <span class='ocrx_word' id='word_1_62' title='bbox 761 1063 916 1136; x_wconf 74' lang='lat' dir='ltr'><strong>Fleckeis,</strong></span> <span class='ocrx_word' id='word_1_63' title='bbox 934 1063 980 1137; x_wconf 79' lang='lat' dir='ltr'><strong>R,</strong></span> <span class='ocrx_word' id='word_1_64' title='bbox 996 1065 1089 1142; x_wconf 80' lang='lat' dir='ltr'><strong>Bngg.</strong></span> <span class='ocrx_word' id='word_1_65' title='bbox 1105 1064 1232 1140; x_wconf 83' lang='lat' dir='ltr'><strong>,nuno“.</strong></span> 
     </span>
     <span class='ocr_line' id='line_1_8' title="bbox 104 1161 1233 1246; baseline 0.001 -21"><span class='ocrx_word' id='word_1_66' title='bbox 104 1196 152 1208; x_wconf 90' lang='lat'><em>-</em></span> <span class='ocrx_word' id='word_1_67' title='bbox 186 1169 247 1226; x_wconf 82' lang='grc'><strong>576</strong></span> <span class='ocrx_word' id='word_1_68' title='bbox 276 1187 341 1244; x_wconf 90' lang='lat' dir='ltr'><strong>sqq.</strong></span> <span class='ocrx_word' id='word_1_69' title='bbox 382 1166 513 1244; x_wconf 75' lang='lat' dir='ltr'><strong>Buggius</strong></span> <span class='ocrx_word' id='word_1_70' title='bbox 539 1169 650 1246; x_wconf 84' lang='lat' dir='ltr'><strong>purtim</strong></span> <span class='ocrx_word' id='word_1_71' title='bbox 678 1166 840 1226; x_wconf 88' lang='lat' dir='ltr'><strong>Ritsohelio</strong></span> <span class='ocrx_word' id='word_1_72' title='bbox 873 1167 947 1226; x_wconf 87' lang='lat' dir='ltr'><strong>duoe</strong></span> <span class='ocrx_word' id='word_1_73' title='bbox 980 1161 1078 1243; x_wconf 74' lang='lat' dir='ltr'><strong>(pref.</strong></span> <span class='ocrx_word' id='word_1_74' title='bbox 1105 1189 1135 1246; x_wconf 88' lang='lat' dir='ltr'><strong>p.</strong></span> <span class='ocrx_word' id='word_1_75' title='bbox 1163 1165 1233 1240; x_wconf 83' lang='grc' dir='ltr'><strong>ΧΠ)</strong></span> 
     </span>
     <span class='ocr_line' id='line_1_9' title="bbox 105 1269 1232 1346; baseline 0.002 -18"><span class='ocrx_word' id='word_1_76' title='bbox 105 1288 215 1328; x_wconf 86' lang='lat' dir='ltr'><strong>versus</strong></span> <span class='ocrx_word' id='word_1_77' title='bbox 237 1271 437 1346; x_wconf 79' lang='lat' dir='ltr'><strong>transposuit3</strong></span> <span class='ocrx_word' id='word_1_78' title='bbox 466 1270 519 1329; x_wconf 92' lang='lat' dir='ltr'><strong>sed</strong></span> <span class='ocrx_word' id='word_1_79' title='bbox 545 1269 620 1328; x_wconf 88' lang='lat' dir='ltr'>nihil</span> <span class='ocrx_word' id='word_1_80' title='bbox 642 1269 826 1328; x_wconf 85' lang='lat' dir='ltr'><strong>mutandum.</strong></span> <span class='ocrx_word' id='word_1_81' title='bbox 877 1269 1031 1328; x_wconf 84' lang='lat' dir='ltr'><strong>Consentit</strong></span> <span class='ocrx_word' id='word_1_82' title='bbox 1054 1273 1144 1330; x_wconf 85' lang='lat' dir='ltr'><strong>etism</strong></span> <span class='ocrx_word' id='word_1_83' title='bbox 1167 1291 1232 1330; x_wconf 87' lang='lat' dir='ltr'><strong>eum</strong></span> 
     </span>
     <span class='ocr_line' id='line_1_10' title="bbox 107 1367 1232 1450; baseline 0.002 -20"><span class='ocrx_word' id='word_1_84' title='bbox 107 1373 217 1430; x_wconf 82' lang='lat' dir='ltr'><strong>ceteris</strong></span> <span class='ocrx_word' id='word_1_85' title='bbox 240 1371 280 1445; x_wconf 93' lang='lat' dir='ltr'><strong>A,</strong></span> <span class='ocrx_word' id='word_1_86' title='bbox 309 1372 340 1431; x_wconf 92' lang='lat' dir='ltr'><strong>in</strong></span> <span class='ocrx_word' id='word_1_87' title='bbox 363 1392 424 1448; x_wconf 89' lang='lat' dir='ltr'><strong>quo</strong></span> <span class='ocrx_word' id='word_1_88' title='bbox 447 1367 537 1432; x_wconf 66' lang='lat' dir='ltr'><strong>alitem</strong></span> <span class='ocrx_word' id='word_1_89' title='bbox 558 1373 668 1432; x_wconf 87' lang='lat' dir='ltr'><strong>leetnm</strong></span> <span class='ocrx_word' id='word_1_90' title='bbox 692 1375 746 1430; x_wconf 90' lang='lat' dir='ltr'><strong>est.</strong></span> <span class='ocrx_word' id='word_1_91' title='bbox 796 1369 925 1430; x_wconf 86' lang='lat' dir='ltr'><strong>Danista</strong></span> <span class='ocrx_word' id='word_1_92' title='bbox 952 1391 1042 1430; x_wconf 74' lang='lat' dir='ltr'><strong>morte</strong></span> <span class='ocrx_word' id='word_1_93' title='bbox 1064 1372 1232 1450; x_wconf 81' lang='lat' dir='ltr'><strong>impatiens,</strong></span> 
     </span>
     <span class='ocr_line' id='line_1_11' title="bbox 105 1473 1233 1548; baseline 0.002 -16"><span class='ocrx_word' id='word_1_94' title='bbox 105 1479 143 1532; x_wconf 87' lang='lat' dir='ltr'><strong>ut</strong></span> <span class='ocrx_word' id='word_1_95' title='bbox 164 1473 302 1534; x_wconf 79' lang='lat' dir='ltr'><strong>uolebant</strong></span> <span class='ocrx_word' id='word_1_96' title='bbox 324 1474 503 1548; x_wconf 80' lang='lat' dir='ltr'><strong>creditores,</strong></span> <span class='ocrx_word' id='word_1_97' title='bbox 530 1475 742 1534; x_wconf 76' lang='lat' dir='ltr'><strong>Philolachetis</strong></span> <span class='ocrx_word' id='word_1_98' title='bbox 771 1493 878 1532; x_wconf 89' lang='lat' dir='ltr'><strong>nomen</strong></span> <span class='ocrx_word' id='word_1_99' title='bbox 900 1474 1026 1533; x_wconf 81' lang='lat' dir='ltr'><strong>elamore</strong></span> <span class='ocrx_word' id='word_1_100' title='bbox 1048 1480 1078 1533; x_wconf 90' lang='lat' dir='ltr'><strong>et</strong></span> <span class='ocrx_word' id='word_1_101' title='bbox 1100 1477 1233 1534; x_wconf 82' lang='lat' dir='ltr'><strong>convicio</strong></span> 
     </span>
     <span class='ocr_line' id='line_1_12' title="bbox 106 1577 1231 1654; baseline 0.003 -21"><span class='ocrx_word' id='word_1_102' title='bbox 106 1577 255 1650; x_wconf 79' lang='lat' dir='ltr'><strong>nominet,</strong></span> <span class='ocrx_word' id='word_1_103' title='bbox 278 1577 335 1650; x_wconf 83' lang='lat' dir='ltr'><strong>vel,</strong></span> <span class='ocrx_word' id='word_1_104' title='bbox 357 1583 392 1635; x_wconf 85' lang='lat' dir='ltr'><strong>ut</strong></span> <span class='ocrx_word' id='word_1_105' title='bbox 414 1577 484 1635; x_wconf 93' lang='lat' dir='ltr'><strong>olim</strong></span> <span class='ocrx_word' id='word_1_106' title='bbox 508 1578 655 1650; x_wconf 83' lang='lat' dir='ltr'><strong>dioebant,</strong></span> <span class='ocrx_word' id='word_1_107' title='bbox 678 1583 775 1654; x_wconf 69' lang='lat' dir='ltr'><strong>portae</strong></span> <span class='ocrx_word' id='word_1_108' title='bbox 798 1577 1004 1651; x_wconf 81' lang='lat' dir='ltr'><strong>obvagulatur,</strong></span> <span class='ocrx_word' id='word_1_109' title='bbox 1032 1595 1061 1636; x_wconf 85' lang='lat' dir='ltr'><strong>v.</strong></span> <span class='ocrx_word' id='word_1_110' title='bbox 1085 1577 1124 1636; x_wconf 82' lang='lat' dir='ltr'><strong>ed</strong></span> <span class='ocrx_word' id='word_1_111' title='bbox 1146 1577 1231 1636; x_wconf 84' lang='lat' dir='ltr'><strong>Cure.</strong></span> 
     </span>
     <span class='ocr_line' id='line_1_13' title="bbox 108 1677 1232 1757; baseline 0.001 -21"><span class='ocrx_word' id='word_1_112' title='bbox 108 1677 182 1736; x_wconf 85' lang='grc'><strong>678.</strong></span> <span class='ocrx_word' id='word_1_113' title='bbox 228 1677 353 1738; x_wconf 78' lang='lat' dir='ltr'><strong>Factum</strong></span> <span class='ocrx_word' id='word_1_114' title='bbox 374 1679 430 1748; x_wconf 83' lang='lat' dir='ltr'><strong>hoo</strong></span> <span class='ocrx_word' id='word_1_115' title='bbox 453 1699 517 1738; x_wconf 87' lang='lat' dir='ltr'><strong>esse</strong></span> <span class='ocrx_word' id='word_1_116' title='bbox 540 1685 666 1757; x_wconf 86' lang='lat' dir='ltr'><strong>apparet</strong></span> <span class='ocrx_word' id='word_1_117' title='bbox 687 1700 725 1739; x_wconf 87' lang='lat' dir='ltr'><strong>ex</strong></span> <span class='ocrx_word' id='word_1_118' title='bbox 748 1681 824 1752; x_wconf 77' lang='lat'><strong>6063</strong></span> <span class='ocrx_word' id='word_1_119' title='bbox 858 1679 910 1738; x_wconf 89' lang='lat' dir='ltr'><strong>sod</strong></span> <span class='ocrx_word' id='word_1_120' title='bbox 931 1681 998 1756; x_wconf 83' lang='lat' dir='ltr'><strong>ipss</strong></span> <span class='ocrx_word' id='word_1_121' title='bbox 1020 1679 1159 1739; x_wconf 74' lang='lat' dir='ltr'><strong>clematio</strong></span> <span class='ocrx_word' id='word_1_122' title='bbox 1182 1700 1232 1737; x_wconf 81' lang='lat' dir='ltr'><strong>ex·</strong></span> 
     </span>
     <span class='ocr_line' id='line_1_14' title="bbox 107 1777 1231 1860; baseline 0.002 -22"><span class='ocrx_word' id='word_1_123' title='bbox 107 1780 194 1838; x_wconf 90' lang='lat' dir='ltr'><strong>oidit.</strong></span> <span class='ocrx_word' id='word_1_124' title='bbox 250 1777 285 1839; x_wconf 85' lang='lat' dir='ltr'><strong>R.</strong></span> <span class='ocrx_word' id='word_1_125' title='bbox 313 1786 383 1858; x_wconf 87' lang='lat' dir='ltr'><strong>post</strong></span> <span class='ocrx_word' id='word_1_126' title='bbox 408 1801 437 1840; x_wconf 82' lang='lat' dir='ltr'><strong>v.</strong></span> <span class='ocrx_word' id='word_1_127' title='bbox 468 1783 528 1842; x_wconf 80' lang='grc'><strong>576</strong></span> <span class='ocrx_word' id='word_1_128' title='bbox 557 1783 617 1841; x_wconf 79' lang='lat' dir='ltr'><strong>tale</strong></span> <span class='ocrx_word' id='word_1_129' title='bbox 650 1783 725 1859; x_wconf 90' lang='lat' dir='ltr'><strong>quid</strong></span> <span class='ocrx_word' id='word_1_130' title='bbox 749 1779 894 1860; x_wconf 81' lang='lat' dir='ltr'><strong>&#39;seriptum</strong></span> <span class='ocrx_word' id='word_1_131' title='bbox 926 1783 1016 1841; x_wconf 81' lang='lat' dir='ltr'><strong>luisse</strong></span> <span class='ocrx_word' id='word_1_132' title='bbox 1049 1784 1231 1860; x_wconf 79' lang='lat' dir='ltr'><strong>suspicetur:</strong></span> 
     </span>
     <span class='ocr_line' id='line_1_15' title="bbox 111 1881 1231 1958; baseline 0.004 -19"><span class='ocrx_word' id='word_1_133' title='bbox 111 1882 227 1955; x_wconf 87' lang='lat' dir='ltr'><strong>,Heus,</strong></span> <span class='ocrx_word' id='word_1_134' title='bbox 251 1882 454 1957; x_wconf 75' lang='lat' dir='ltr'><strong>Philolaches,</strong></span> <span class='ocrx_word' id='word_1_135' title='bbox 479 1886 527 1944; x_wconf 89' lang='lat' dir='ltr'><strong>exi</strong></span> <span class='ocrx_word' id='word_1_136' title='bbox 549 1887 643 1958; x_wconf 90' lang='lat' dir='ltr'><strong>intus,</strong></span> <span class='ocrx_word' id='word_1_137' title='bbox 666 1884 770 1943; x_wconf 88' lang='lat' dir='ltr'><strong>faenus</strong></span> <span class='ocrx_word' id='word_1_138' title='bbox 792 1881 943 1943; x_wconf 89' lang='lat' dir='ltr'><strong>reddito“.</strong></span> <span class='ocrx_word' id='word_1_139' title='bbox 987 1883 1131 1944; x_wconf 77' lang='lat' dir='ltr'><strong>Mdllerus</strong></span> <span class='ocrx_word' id='word_1_140' title='bbox 1153 1889 1231 1944; x_wconf 84' lang='lat' dir='ltr'><strong>reete</strong></span> 
     </span>
     <span class='ocr_line' id='line_1_16' title="bbox 106 1984 1229 2064; baseline 0.002 -21"><span class='ocrx_word' id='word_1_141' title='bbox 106 1984 319 2044; x_wconf 79' lang='lat' dir='ltr'><strong>animadvertit</strong></span> <span class='ocrx_word' id='word_1_142' title='bbox 342 1991 410 2044; x_wconf 79' lang='lat' dir='ltr'><strong>ante</strong></span> <span class='ocrx_word' id='word_1_143' title='bbox 432 1985 593 2046; x_wconf 88' lang='lat' dir='ltr'><strong>Tranionis</strong></span> <span class='ocrx_word' id='word_1_144' title='bbox 616 1985 709 2047; x_wconf 81' lang='lat' dir='ltr'><strong>verbe</strong></span> <span class='ocrx_word' id='word_1_145' title='bbox 732 1989 889 2046; x_wconf 86' lang='lat' dir='ltr'><strong>elamorem</strong></span> <span class='ocrx_word' id='word_1_146' title='bbox 911 1985 1080 2064; x_wconf 89' lang='lat' dir='ltr'><strong>ponendum</strong></span> <span class='ocrx_word' id='word_1_147' title='bbox 1104 2007 1176 2047; x_wconf 87' lang='lat' dir='ltr'><strong>esse.</strong></span> <span class='ocrx_word' id='word_1_148' title='bbox 1192 2017 1229 2028; x_wconf 90' lang='lat'>-</span> 
     </span>
     <span class='ocr_line' id='line_1_17' title="bbox 109 2081 1231 2164; baseline 0.002 -18"><span class='ocrx_word' id='word_1_149' title='bbox 109 2089 182 2146; x_wconf 82' lang='grc'><strong>578.</strong></span> <span class='ocrx_word' id='word_1_150' title='bbox 217 2081 328 2147; x_wconf 79' lang='lat' dir='ltr'><strong>Meum</strong></span> <span class='ocrx_word' id='word_1_151' title='bbox 349 2087 425 2164; x_wconf 75' lang='lat' dir='ltr'><strong>peto</strong></span> <span class='ocrx_word' id='word_1_152' title='bbox 447 2088 572 2148; x_wconf 82' lang='lat' dir='ltr'><strong>denistee</strong></span> <span class='ocrx_word' id='word_1_153' title='bbox 601 2088 761 2148; x_wconf 88' lang='lat' dir='ltr'><strong>tribuenda</strong></span> <span class='ocrx_word' id='word_1_154' title='bbox 790 2109 853 2147; x_wconf 88' lang='lat' dir='ltr'><strong>esse</strong></span> <span class='ocrx_word' id='word_1_155' title='bbox 880 2089 958 2147; x_wconf 84' lang='lat' dir='ltr'><strong>vidit</strong></span> <span class='ocrx_word' id='word_1_156' title='bbox 985 2089 1064 2148; x_wconf 82' lang='lat' dir='ltr'><strong>Cam.</strong></span> <span class='ocrx_word' id='word_1_157' title='bbox 1088 2119 1130 2129; x_wconf 91' lang='lat'><em>-</em></span> <span class='ocrx_word' id='word_1_158' title='bbox 1160 2090 1231 2148; x_wconf 91' lang='grc'><strong>581.</strong></span> 
     </span>
     <span class='ocr_line' id='line_1_18' title="bbox 106 2183 1231 2268; baseline 0.002 -20"><span class='ocrx_word' id='word_1_159' title='bbox 106 2183 168 2248; x_wconf 78' lang='lat' dir='ltr'><strong>hoe</strong></span> <span class='ocrx_word' id='word_1_160' title='bbox 189 2183 290 2263; x_wconf 85' lang='lat' dir='ltr'><strong>verbo,</strong></span> <span class='ocrx_word' id='word_1_161' title='bbox 314 2197 446 2266; x_wconf 81' lang='lat' dir='ltr'><strong>argento.</strong></span> <span class='ocrx_word' id='word_1_162' title='bbox 491 2188 715 2268; x_wconf 62' lang='grc'><strong>5555131.-</strong></span> <span class='ocrx_word' id='word_1_163' title='bbox 744 2193 815 2250; x_wconf 76' lang='lat'><strong>582.</strong></span> <span class='ocrx_word' id='word_1_164' title='bbox 847 2185 970 2252; x_wconf 78' lang='lat' dir='ltr'><strong>Sortem</strong></span> <span class='ocrx_word' id='word_1_165' title='bbox 992 2185 1104 2268; x_wconf 70' lang='lat' dir='ltr'><strong>rumpe.</strong></span> <span class='ocrx_word' id='word_1_166' title='bbox 1149 2191 1231 2251; x_wconf 80' lang='lat' dir='ltr'><strong>Dicis</strong></span> 
     </span>
     <span class='ocr_line' id='line_1_19' title="bbox 106 2292 1230 2373; baseline 0.002 -23"><span class='ocrx_word' id='word_1_167' title='bbox 106 2311 208 2365; x_wconf 84' lang='lat' dir='ltr'><strong>cauea,</strong></span> <span class='ocrx_word' id='word_1_168' title='bbox 228 2296 312 2369; x_wconf 88' lang='lat' dir='ltr'><strong>quasi</strong></span> <span class='ocrx_word' id='word_1_169' title='bbox 330 2295 463 2370; x_wconf 73' lang='lat' dir='ltr'><strong>pecunias</strong></span> <span class='ocrx_word' id='word_1_170' title='bbox 481 2297 567 2372; x_wconf 84' lang='lat' dir='ltr'><strong>eopia</strong></span> <span class='ocrx_word' id='word_1_171' title='bbox 585 2292 672 2365; x_wconf 88' lang='lat' dir='ltr'><strong>adsit,</strong></span> <span class='ocrx_word' id='word_1_172' title='bbox 691 2298 801 2355; x_wconf 81' lang='lat' dir='ltr'><strong>sortem</strong></span> <span class='ocrx_word' id='word_1_173' title='bbox 819 2313 849 2352; x_wconf 92' lang='lat' dir='ltr'><strong>se</strong></span> <span class='ocrx_word' id='word_1_174' title='bbox 866 2294 1054 2354; x_wconf 88' lang='lat' dir='ltr'><strong>redditurum</strong></span> <span class='ocrx_word' id='word_1_175' title='bbox 1071 2294 1230 2373; x_wconf 90' lang='lat' dir='ltr'><strong>promittit,</strong></span> 
     </span>
     <span class='ocr_line' id='line_1_20' title="bbox 105 2395 1229 2474; baseline 0.003 -23"><span class='ocrx_word' id='word_1_176' title='bbox 105 2414 198 2471; x_wconf 84' lang='lat' dir='ltr'><strong>quam</strong></span> <span class='ocrx_word' id='word_1_177' title='bbox 229 2395 435 2453; x_wconf 69' lang='lat' dir='ltr'><strong>feneratorem</strong></span> <span class='ocrx_word' id='word_1_178' title='bbox 465 2398 599 2474; x_wconf 84' lang='lat' dir='ltr'><strong>aenipere</strong></span> <span class='ocrx_word' id='word_1_179' title='bbox 632 2396 712 2455; x_wconf 94' lang='lat' dir='ltr'><strong>nolle</strong></span> <span class='ocrx_word' id='word_1_180' title='bbox 745 2396 843 2470; x_wconf 83' lang='lat' dir='ltr'><strong>novit,</strong></span> <span class='ocrx_word' id='word_1_181' title='bbox 877 2417 905 2456; x_wconf 81' lang='lat' dir='ltr'><strong>u.</strong></span> <span class='ocrx_word' id='word_1_182' title='bbox 931 2399 1001 2456; x_wconf 76' lang='lat'><strong>524.</strong></span> <span class='ocrx_word' id='word_1_183' title='bbox 1056 2398 1119 2455; x_wconf 90' lang='lat' dir='ltr'><strong>Iam</strong></span> <span class='ocrx_word' id='word_1_184' title='bbox 1134 2399 1229 2472; x_wconf 81' lang='lat' dir='ltr'><strong>‘vero‚</strong></span> 
     </span>
     <span class='ocr_line' id='line_1_21' title="bbox 106 2495 1231 2578; baseline 0.003 -24"><span class='ocrx_word' id='word_1_185' title='bbox 106 2516 200 2574; x_wconf 89' lang='lat' dir='ltr'><strong>quum</strong></span> <span class='ocrx_word' id='word_1_186' title='bbox 230 2495 375 2574; x_wconf 73' lang='lat' dir='ltr'><strong>flagitatio</strong></span> <span class='ocrx_word' id='word_1_187' title='bbox 410 2497 535 2556; x_wconf 74' lang='lat' dir='ltr'><strong>danistae</strong></span> <span class='ocrx_word' id='word_1_188' title='bbox 568 2498 770 2575; x_wconf 84' lang='lat' dir='ltr'><strong>Theopropidi</strong></span> <span class='ocrx_word' id='word_1_189' title='bbox 802 2518 864 2557; x_wconf 92' lang='lat' dir='ltr'><strong>rem</strong></span> <span class='ocrx_word' id='word_1_190' title='bbox 899 2501 1064 2577; x_wconf 88' lang='lat' dir='ltr'><strong>aperuerit,</strong></span> <span class='ocrx_word' id='word_1_191' title='bbox 1106 2505 1135 2559; x_wconf 89' lang='lat' dir='ltr'><strong>et</strong></span> <span class='ocrx_word' id='word_1_192' title='bbox 1167 2501 1231 2578; x_wconf 93' lang='lat' dir='ltr'><strong>ipse</strong></span> 
     </span>
     <span class='ocr_line' id='line_1_22' title="bbox 104 2596 1231 2680; baseline 0.002 -22"><span class='ocrx_word' id='word_1_193' title='bbox 104 2617 216 2674; x_wconf 76' lang='lat' dir='ltr'><strong>magns</strong></span> <span class='ocrx_word' id='word_1_194' title='bbox 231 2619 302 2658; x_wconf 87' lang='lat' dir='ltr'><strong>vooe</strong></span> <span class='ocrx_word' id='word_1_195' title='bbox 319 2599 463 2680; x_wconf 88' lang='lat' dir='ltr'><strong>loquitur.</strong></span> <span class='ocrx_word' id='word_1_196' title='bbox 481 2630 524 2640; x_wconf 93' lang='grc'><strong>-</strong></span> <span class='ocrx_word' id='word_1_197' title='bbox 549 2603 620 2660; x_wconf 86' lang='grc'><strong>583.</strong></span> <span class='ocrx_word' id='word_1_198' title='bbox 647 2596 731 2677; x_wconf 72' lang='lat' dir='ltr'><strong>Quid</strong></span> <span class='ocrx_word' id='word_1_199' title='bbox 745 2599 795 2662; x_wconf 79' lang='lat' dir='ltr'><strong>aa&#39;s</strong></span> <span class='ocrx_word' id='word_1_200' title='bbox 813 2602 855 2674; x_wconf 73' lang='lat' dir='ltr'><strong>tu,</strong></span> <span class='ocrx_word' id='word_1_201' title='bbox 874 2598 1011 2660; x_wconf 70' lang='lat' dir='ltr'><strong>munium</strong></span> <span class='ocrx_word' id='word_1_202' title='bbox 1026 2597 1188 2661; x_wconf 78' lang='lat' dir='ltr'><strong>hominum</strong></span> <span class='ocrx_word' id='word_1_203' title='bbox 1203 2603 1231 2660; x_wconf 87' lang='lat' dir='ltr'><strong>A</strong></span> 
     </span>
     <span class='ocr_line' id='line_1_23' title="bbox 105 2699 1230 2780; baseline 0.003 -21"><span class='ocrx_word' id='word_1_204' title='bbox 105 2722 174 2760; x_wconf 88' lang='lat' dir='ltr'><strong>oum</strong></span> <span class='ocrx_word' id='word_1_205' title='bbox 196 2700 281 2760; x_wconf 87' lang='lat' dir='ltr'><strong>hiatu</strong></span> <span class='ocrx_word' id='word_1_206' title='bbox 303 2706 373 2780; x_wconf 89' lang='lat' dir='ltr'><strong>post</strong></span> <span class='ocrx_word' id='word_1_207' title='bbox 397 2699 466 2776; x_wconf 83' lang='lat' dir='ltr'><strong>„tu“</strong></span> <span class='ocrx_word' id='word_1_208' title='bbox 493 2708 522 2760; x_wconf 90' lang='lat' dir='ltr'><strong>et</strong></span> <span class='ocrx_word' id='word_1_209' title='bbox 544 2710 612 2762; x_wconf 85' lang='lat' dir='ltr'><strong>unte</strong></span> <span class='ocrx_word' id='word_1_210' title='bbox 637 2701 824 2780; x_wconf 84' lang='lat' dir='ltr'><strong>„hominum“</strong></span> <span class='ocrx_word' id='word_1_211' title='bbox 855 2724 883 2764; x_wconf 81' lang='lat' dir='ltr'><strong>v.</strong></span> <span class='ocrx_word' id='word_1_212' title='bbox 906 2704 1023 2780; x_wconf 80' lang='lat' dir='ltr'><strong>Proleg.</strong></span> <span class='ocrx_word' id='word_1_213' title='bbox 1046 2723 1076 2780; x_wconf 90' lang='lat' dir='ltr'><strong>p.</strong></span> <span class='ocrx_word' id='word_1_214' title='bbox 1101 2706 1171 2763; x_wconf 79' lang='lat'><strong>221.</strong></span> <span class='ocrx_word' id='word_1_215' title='bbox 1194 2703 1230 2763; x_wconf 87' lang='lat' dir='ltr'><strong>R.</strong></span> 
     </span>
     <span class='ocr_line' id='line_1_24' title="bbox 109 2801 1231 2885; baseline 0.002 -23"><span class='ocrx_word' id='word_1_216' title='bbox 109 2801 186 2876; x_wconf 74' lang='lat' dir='ltr'><strong>„eut</strong></span> <span class='ocrx_word' id='word_1_217' title='bbox 210 2803 283 2877; x_wconf 88' lang='lat' dir='ltr'><strong>tun’,</strong></span> <span class='ocrx_word' id='word_1_218' title='bbox 306 2804 456 2863; x_wconf 92' lang='lat' dir='ltr'><strong>hominum</strong></span> <span class='ocrx_word' id='word_1_219' title='bbox 480 2802 646 2879; x_wconf 86' lang='lat' dir='ltr'><strong>omninm“;</strong></span> <span class='ocrx_word' id='word_1_220' title='bbox 676 2806 813 2885; x_wconf 80' lang='lat' dir='ltr'><strong>Spengel.</strong></span> <span class='ocrx_word' id='word_1_221' title='bbox 827 2825 891 2866; x_wconf 85' lang='lat' dir='ltr'><strong>eum</strong></span> <span class='ocrx_word' id='word_1_222' title='bbox 904 2806 1033 2881; x_wconf 84' lang='lat' dir='ltr'><strong>Bergkio</strong></span> <span class='ocrx_word' id='word_1_223' title='bbox 1053 2806 1231 2882; x_wconf 84' lang='lat' dir='ltr'><strong>,homonum</strong></span> 
     </span>
     <span class='ocr_line' id='line_1_25' title="bbox 107 2903 1231 2985; baseline -0.001 -18"><span class='ocrx_word' id='word_1_224' title='bbox 107 2903 277 2978; x_wconf 85' lang='lat' dir='ltr'><strong>omninm“;</strong></span> <span class='ocrx_word' id='word_1_225' title='bbox 312 2905 405 2982; x_wconf 81' lang='lat' dir='ltr'><strong>Bugg.</strong></span> <span class='ocrx_word' id='word_1_226' title='bbox 432 2928 467 2980; x_wconf 87' lang='lat' dir='ltr'><strong>„o</strong></span> <span class='ocrx_word' id='word_1_227' title='bbox 490 2912 524 2965; x_wconf 93' lang='lat' dir='ltr'><strong>tu</strong></span> <span class='ocrx_word' id='word_1_228' title='bbox 547 2907 697 2967; x_wconf 90' lang='lat' dir='ltr'><strong>hominum</strong></span> <span class='ocrx_word' id='word_1_229' title='bbox 719 2904 880 2968; x_wconf 88' lang='lat' dir='ltr'><strong>omnium“.</strong></span> <span class='ocrx_word' id='word_1_230' title='bbox 931 2909 1017 2968; x_wconf 82' lang='lat' dir='ltr'><strong>Miill.</strong></span> <span class='ocrx_word' id='word_1_231' title='bbox 1044 2914 1109 2982; x_wconf 83' lang='lat' dir='ltr'><strong>,tu‚</strong></span> <span class='ocrx_word' id='word_1_232' title='bbox 1138 2928 1231 2985; x_wconf 83' lang='lat' dir='ltr'><strong>quen·</strong></span> 
     </span>
     <span class='ocr_line' id='line_1_26' title="bbox 105 3005 1230 3088; baseline 0 -20"><span class='ocrx_word' id='word_1_233' title='bbox 105 3015 204 3068; x_wconf 86' lang='lat' dir='ltr'><strong>tumst</strong></span> <span class='ocrx_word' id='word_1_234' title='bbox 225 3008 377 3068; x_wconf 90' lang='lat' dir='ltr'><strong>hominum</strong></span> <span class='ocrx_word' id='word_1_235' title='bbox 400 3005 517 3068; x_wconf 88' lang='lat' dir='ltr'><strong>homo“.</strong></span> <span class='ocrx_word' id='word_1_236' title='bbox 573 3009 605 3069; x_wconf 85' lang='lat' dir='ltr'><strong>si</strong></span> <span class='ocrx_word' id='word_1_237' title='bbox 632 3009 705 3088; x_wconf 91' lang='lat' dir='ltr'><strong>quid</strong></span> <span class='ocrx_word' id='word_1_238' title='bbox 734 3010 902 3070; x_wconf 90' lang='lat' dir='ltr'><strong>addendum</strong></span> <span class='ocrx_word' id='word_1_239' title='bbox 931 3017 1023 3085; x_wconf 81' lang='lat' dir='ltr'><strong>esset,</strong></span> <span class='ocrx_word' id='word_1_240' title='bbox 1056 3011 1230 3070; x_wconf 77' lang='lat' dir='ltr'><strong>isoillimum</strong></span> 
     </span>
     <span class='ocr_line' id='line_1_27' title="bbox 105 3111 1230 3184; baseline 0.001 -14"><span class='ocrx_word' id='word_1_241' title='bbox 105 3114 188 3170; x_wconf 82' lang='lat' dir='ltr'><strong>foret</strong></span> <span class='ocrx_word' id='word_1_242' title='bbox 214 3113 361 3184; x_wconf 89' lang='lat' dir='ltr'><strong>,omnium</strong></span> <span class='ocrx_word' id='word_1_243' title='bbox 385 3112 473 3169; x_wconf 93' lang='lat' dir='ltr'><strong>homo</strong></span> <span class='ocrx_word' id='word_1_244' title='bbox 493 3111 675 3171; x_wconf 86' lang='lat' dir='ltr'><strong>hominum“.</strong></span> <span class='ocrx_word' id='word_1_245' title='bbox 705 3143 748 3153; x_wconf 89' lang='lat'>—</span> <span class='ocrx_word' id='word_1_246' title='bbox 782 3115 852 3173; x_wconf 88' lang='grc'><strong>584,</strong></span> <span class='ocrx_word' id='word_1_247' title='bbox 876 3114 905 3174; x_wconf 80' lang='lat' dir='ltr'><strong>te</strong></span> <span class='ocrx_word' id='word_1_248' title='bbox 928 3114 1119 3174; x_wconf 64' lang='lat' dir='ltr'><strong>(retentatum</strong></span> <span class='ocrx_word' id='word_1_249' title='bbox 1142 3115 1230 3172; x_wconf 86' lang='lat' dir='ltr'><strong>etiam</strong></span> 
     </span>
     <span class='ocr_line' id='line_1_28' title="bbox 107 3213 1230 3293; baseline 0 -21"><span class='ocrx_word' id='word_1_250' title='bbox 107 3217 140 3272; x_wconf 90' lang='lat' dir='ltr'><strong>in</strong></span> <span class='ocrx_word' id='word_1_251' title='bbox 163 3213 190 3272; x_wconf 88' lang='lat' dir='ltr'><strong>A</strong></span> <span class='ocrx_word' id='word_1_252' title='bbox 212 3214 286 3288; x_wconf 82' lang='lat' dir='ltr'><strong>legit</strong></span> <span class='ocrx_word' id='word_1_253' title='bbox 309 3213 414 3290; x_wconf 72' lang='lat' dir='ltr'><strong>Gepp,</strong></span> <span class='ocrx_word' id='word_1_254' title='bbox 438 3215 474 3271; x_wconf 81' lang='lat' dir='ltr'><strong>ot.</strong></span> <span class='ocrx_word' id='word_1_255' title='bbox 494 3214 601 3272; x_wconf 87' lang='lat' dir='ltr'><strong>Baooh.</strong></span> <span class='ocrx_word' id='word_1_256' title='bbox 623 3217 692 3273; x_wconf 89' lang='grc'><strong>583.</strong></span> <span class='ocrx_word' id='word_1_257' title='bbox 715 3245 758 3255; x_wconf 92' lang='grc'><strong>-</strong></span> <span class='ocrx_word' id='word_1_258' title='bbox 780 3213 864 3290; x_wconf 81' lang='lat' dir='ltr'><strong>quod</strong></span> <span class='ocrx_word' id='word_1_259' title='bbox 884 3213 919 3276; x_wconf 75' lang='lat' dir='ltr'><strong>ire</strong></span> <span class='ocrx_word' id='word_1_260' title='bbox 940 3232 1036 3276; x_wconf 74' lang='lat' dir='ltr'><strong>manu</strong></span> <span class='ocrx_word' id='word_1_261' title='bbox 1058 3217 1118 3288; x_wconf 76' lang='lat' dir='ltr'><strong>est,</strong></span> <span class='ocrx_word' id='word_1_262' title='bbox 1150 3214 1230 3293; x_wconf 89' lang='lat' dir='ltr'><strong>quod</strong></span> 
     </span>
     <span class='ocr_line' id='line_1_29' title="bbox 107 3317 1228 3394; baseline 0.002 -20"><span class='ocrx_word' id='word_1_263' title='bbox 107 3317 173 3374; x_wconf 89' lang='lat' dir='ltr'><strong>fieri</strong></span> <span class='ocrx_word' id='word_1_264' title='bbox 195 3322 313 3393; x_wconf 87' lang='lat' dir='ltr'><strong>potest,</strong></span> <span class='ocrx_word' id='word_1_265' title='bbox 346 3322 380 3374; x_wconf 92' lang='lat' dir='ltr'><strong>ut</strong></span> <span class='ocrx_word' id='word_1_266' title='bbox 407 3323 517 3375; x_wconf 89' lang='lat' dir='ltr'><strong>sortem</strong></span> <span class='ocrx_word' id='word_1_267' title='bbox 541 3319 682 3394; x_wconf 63' lang='lat' dir='ltr'><strong>accipiam</strong></span> <span class='ocrx_word' id='word_1_268' title='bbox 717 3318 810 3376; x_wconf 81' lang='lat' dir='ltr'><strong>faenus</strong></span> <span class='ocrx_word' id='word_1_269' title='bbox 838 3321 915 3376; x_wconf 90' lang='lat' dir='ltr'><strong>enim</strong></span> <span class='ocrx_word' id='word_1_270' title='bbox 940 3340 1027 3378; x_wconf 89' lang='lat' dir='ltr'><strong>nemo</strong></span> <span class='ocrx_word' id='word_1_271' title='bbox 1055 3320 1112 3377; x_wconf 90' lang='lat' dir='ltr'><strong>tibi</strong></span> <span class='ocrx_word' id='word_1_272' title='bbox 1136 3319 1228 3376; x_wconf 86' lang='lat' dir='ltr'><strong>dabit.</strong></span> 
     </span>
     <span class='ocr_line' id='line_1_30' title="bbox 108 3415 1228 3498; baseline 0.001 -22"><span class='ocrx_word' id='word_1_273' title='bbox 108 3419 153 3476; x_wconf 77' lang='lat' dir='ltr'><strong>Cf.</strong></span> <span class='ocrx_word' id='word_1_274' title='bbox 183 3419 221 3476; x_wconf 91' lang='lat' dir='ltr'><strong>ad</strong></span> <span class='ocrx_word' id='word_1_275' title='bbox 248 3418 355 3495; x_wconf 87' lang='lat' dir='ltr'><strong>Amph.</strong></span> <span class='ocrx_word' id='word_1_276' title='bbox 388 3419 456 3476; x_wconf 83' lang='lat'><strong>560.</strong></span> <span class='ocrx_word' id='word_1_277' title='bbox 485 3448 528 3457; x_wconf 92' lang='lat'><em>-</em></span> <span class='ocrx_word' id='word_1_278' title='bbox 559 3419 627 3477; x_wconf 88' lang='grc'><strong>585.</strong></span> <span class='ocrx_word' id='word_1_279' title='bbox 665 3415 716 3478; x_wconf 87' lang='lat' dir='ltr'><strong>Ne</strong></span> <span class='ocrx_word' id='word_1_280' title='bbox 744 3423 808 3497; x_wconf 74' lang='lat' dir='ltr'><strong>ypsi</strong></span> <span class='ocrx_word' id='word_1_281' title='bbox 836 3417 959 3498; x_wconf 80' lang='lat' dir='ltr'><strong>quidem</strong></span> <span class='ocrx_word' id='word_1_282' title='bbox 989 3441 1043 3480; x_wconf 91' lang='lat' dir='ltr'><strong>em.</strong></span> <span class='ocrx_word' id='word_1_283' title='bbox 1068 3420 1228 3479; x_wconf 76' lang='lat' dir='ltr'><strong>Acidaliae.</strong></span> 
     </span>
     <span class='ocr_line' id='line_1_31' title="bbox 108 3520 1225 3597; baseline 0.002 -19"><span class='ocrx_word' id='word_1_284' title='bbox 108 3521 195 3594; x_wconf 87' lang='lat' dir='ltr'><strong>Quod</strong></span> <span class='ocrx_word' id='word_1_285' title='bbox 229 3522 381 3580; x_wconf 88' lang='lat' dir='ltr'><strong>minimum</strong></span> <span class='ocrx_word' id='word_1_286' title='bbox 415 3521 474 3580; x_wconf 87' lang='lat' dir='ltr'><strong>diei</strong></span> <span class='ocrx_word' id='word_1_287' title='bbox 506 3525 622 3597; x_wconf 81' lang='lat' dir='ltr'><strong>potest,</strong></span> <span class='ocrx_word' id='word_1_288' title='bbox 663 3520 764 3581; x_wconf 85' lang='lat' dir='ltr'><strong>Graeeo</strong></span> <span class='ocrx_word' id='word_1_289' title='bbox 805 3525 954 3582; x_wconf 80' lang='lat' dir='ltr'><strong>indicetur</strong></span> <span class='ocrx_word' id='word_1_290' title='bbox 990 3523 1150 3594; x_wconf 82' lang='lat' dir='ltr'><strong>vocabulo,</strong></span> <span class='ocrx_word' id='word_1_291' title='bbox 1190 3521 1225 3580; x_wconf 82' lang='lat' dir='ltr'><strong>of.</strong></span> 
     </span>
     <span class='ocr_line' id='line_1_32' title="bbox 108 3621 1229 3704; baseline 0 -22"><span class='ocrx_word' id='word_1_292' title='bbox 108 3623 262 3701; x_wconf 77' lang='lat' dir='ltr'><strong>Aristoph.</strong></span> <span class='ocrx_word' id='word_1_293' title='bbox 282 3623 360 3682; x_wconf 78' lang='lat' dir='ltr'><strong>Plut.</strong></span> <span class='ocrx_word' id='word_1_294' title='bbox 381 3625 433 3681; x_wconf 79' lang='lat'><strong>17:</strong></span> <span class='ocrx_word' id='word_1_295' title='bbox 458 3622 656 3698; x_wconf 74' lang='grc' dir='ltr'><em>ἀποκρινομένῳ</em></span> <span class='ocrx_word' id='word_1_296' title='bbox 679 3627 710 3681; x_wconf 83' lang='grc' dir='ltr'><strong>τὸ</strong></span> <span class='ocrx_word' id='word_1_297' title='bbox 732 3627 866 3701; x_wconf 77' lang='grc' dir='ltr'><strong><em>παράπαν</em></strong></span> <span class='ocrx_word' id='word_1_298' title='bbox 887 3621 949 3683; x_wconf 71' lang='lat' dir='ltr'><strong>odda*</strong></span> <span class='ocrx_word' id='word_1_299' title='bbox 971 3628 1031 3704; x_wconf 70' lang='grc' dir='ltr'><strong>γρῦ.</strong></span> <span class='ocrx_word' id='word_1_300' title='bbox 1075 3624 1229 3684; x_wconf 80' lang='lat' dir='ltr'><strong>Demoshh.</strong></span> 
     </span>
     <span class='ocr_line' id='line_1_33' title="bbox 107 3726 1230 3806; baseline 0 -22"><span class='ocrx_word' id='word_1_301' title='bbox 107 3737 238 3802; x_wconf 75' lang='lat' dir='ltr'><strong>Hapenp.</strong></span> <span class='ocrx_word' id='word_1_302' title='bbox 273 3727 323 3784; x_wconf 87' lang='grc'><strong>39.</strong></span> <span class='ocrx_word' id='word_1_303' title='bbox 353 3726 391 3783; x_wconf 86' lang='lat' dir='ltr'><strong>al.</strong></span> <span class='ocrx_word' id='word_1_304' title='bbox 424 3753 467 3764; x_wconf 92' lang='grc'><strong>-</strong></span> <span class='ocrx_word' id='word_1_305' title='bbox 501 3726 570 3784; x_wconf 89' lang='grc'><strong>586.</strong></span> <span class='ocrx_word' id='word_1_306' title='bbox 595 3745 657 3804; x_wconf 91' lang='lat' dir='ltr'><strong>sqq.</strong></span> <span class='ocrx_word' id='word_1_307' title='bbox 692 3726 879 3786; x_wconf 84' lang='lat' dir='ltr'><strong>Lacunarum</strong></span> <span class='ocrx_word' id='word_1_308' title='bbox 908 3729 1129 3806; x_wconf 86' lang='lat' dir='ltr'><strong>supplementa,</strong></span> <span class='ocrx_word' id='word_1_309' title='bbox 1163 3745 1230 3804; x_wconf 82' lang='lat' dir='ltr'><strong>quse</strong></span> 
     </span>
     <span class='ocr_line' id='line_1_34' title="bbox 109 3829 1229 3908; baseline -0.001 -20"><span class='ocrx_word' id='word_1_310' title='bbox 109 3829 277 3905; x_wconf 88' lang='lat' dir='ltr'><strong>superiores</strong></span> <span class='ocrx_word' id='word_1_311' title='bbox 293 3833 493 3901; x_wconf 84' lang='lat' dir='ltr'><strong>tentaverant,</strong></span> <span class='ocrx_word' id='word_1_312' title='bbox 517 3829 575 3886; x_wconf 80' lang='lat' dir='ltr'><strong>ianr</strong></span> <span class='ocrx_word' id='word_1_313' title='bbox 595 3829 701 3887; x_wconf 87' lang='lat' dir='ltr'><strong>afferre</strong></span> <span class='ocrx_word' id='word_1_314' title='bbox 724 3849 973 3907; x_wconf 80' lang='lat' dir='ltr'><strong>supervacaneum</strong></span> <span class='ocrx_word' id='word_1_315' title='bbox 993 3835 1047 3904; x_wconf 93' lang='lat' dir='ltr'><strong>est,</strong></span> <span class='ocrx_word' id='word_1_316' title='bbox 1069 3835 1229 3908; x_wconf 88' lang='lat' dir='ltr'><strong>postquam</strong></span> 
     </span>
     <span class='ocr_line' id='line_1_35' title="bbox 108 3931 1225 4008; baseline -0.002 -18"><span class='ocrx_word' id='word_1_317' title='bbox 108 3931 297 3990; x_wconf 87' lang='lat' dir='ltr'><strong>Ambrosiani</strong></span> <span class='ocrx_word' id='word_1_318' title='bbox 314 3931 499 4008; x_wconf 88' lang='lat' dir='ltr'><strong>palimpsesti</strong></span> <span class='ocrx_word' id='word_1_319' title='bbox 522 3931 634 3988; x_wconf 82' lang='lat' dir='ltr'><strong>auxilio</strong></span> <span class='ocrx_word' id='word_1_320' title='bbox 657 3934 756 3991; x_wconf 90' lang='lat' dir='ltr'><strong>omnia</strong></span> <span class='ocrx_word' id='word_1_321' title='bbox 777 3933 948 3992; x_wconf 76' lang='lat' dir='ltr'><strong>felicissime</strong></span> <span class='ocrx_word' id='word_1_322' title='bbox 970 3935 1104 3992; x_wconf 87' lang='lat' dir='ltr'><strong>restituit</strong></span> <span class='ocrx_word' id='word_1_323' title='bbox 1120 3931 1225 3992; x_wconf 88' lang='lat' dir='ltr'><strong>Stude·</strong></span> 
     </span>
     <span class='ocr_line' id='line_1_36' title="bbox 109 4032 1225 4111; baseline 0.001 -19"><span class='ocrx_word' id='word_1_324' title='bbox 109 4032 237 4092; x_wconf 89' lang='lat' dir='ltr'><strong>mundus</strong></span> <span class='ocrx_word' id='word_1_325' title='bbox 271 4033 428 4107; x_wconf 82' lang='lat' dir='ltr'><strong>Festgruss</strong></span> <span class='ocrx_word' id='word_1_326' title='bbox 461 4032 513 4091; x_wconf 92' lang='lat' dir='ltr'><strong>der</strong></span> <span class='ocrx_word' id='word_1_327' title='bbox 541 4032 646 4110; x_wconf 91' lang='lat' dir='ltr'><strong>philol.</strong></span> <span class='ocrx_word' id='word_1_328' title='bbox 670 4032 830 4093; x_wconf 81' lang='lat' dir='ltr'><strong>Gesellsoh.</strong></span> <span class='ocrx_word' id='word_1_329' title='bbox 859 4055 896 4093; x_wconf 85' lang='lat' dir='ltr'><strong>zu</strong></span> <span class='ocrx_word' id='word_1_330' title='bbox 925 4035 1102 4111; x_wconf 79' lang='lat' dir='ltr'><strong>Wdrzburg,</strong></span> <span class='ocrx_word' id='word_1_331' title='bbox 1135 4035 1225 4107; x_wconf 80' lang='grc'><strong>1868,</strong></span> 
     </span>
     <span class='ocr_line' id='line_1_37' title="bbox 108 4134 848 4214; baseline 0.003 -19"><span class='ocrx_word' id='word_1_332' title='bbox 108 4157 139 4214; x_wconf 93' lang='lat' dir='ltr'><strong>p.</strong></span> <span class='ocrx_word' id='word_1_333' title='bbox 163 4137 201 4195; x_wconf 92' lang='grc'><strong>61</strong></span> <span class='ocrx_word' id='word_1_334' title='bbox 227 4155 271 4211; x_wconf 86' lang='lat' dir='ltr'><strong>aq.</strong></span> <span class='ocrx_word' id='word_1_335' title='bbox 316 4134 345 4192; x_wconf 90' lang='lat' dir='ltr'><strong>Is</strong></span> <span class='ocrx_word' id='word_1_336' title='bbox 367 4140 466 4195; x_wconf 85' lang='lat' dir='ltr'><strong>eutem</strong></span> <span class='ocrx_word' id='word_1_337' title='bbox 488 4136 519 4194; x_wconf 90' lang='lat' dir='ltr'><strong>in</strong></span> <span class='ocrx_word' id='word_1_338' title='bbox 540 4137 567 4194; x_wconf 92' lang='lat' dir='ltr'><strong>A</strong></span> <span class='ocrx_word' id='word_1_339' title='bbox 590 4134 652 4193; x_wconf 84' lang='lat' dir='ltr'><strong>haeo</strong></span> <span class='ocrx_word' id='word_1_340' title='bbox 674 4136 736 4193; x_wconf 87' lang='lat' dir='ltr'><strong>fere</strong></span> <span class='ocrx_word' id='word_1_341' title='bbox 760 4136 848 4211; x_wconf 82' lang='lat' dir='ltr'><strong>legit:</strong></span> 
     </span>
    </p>
   </div>
   <div class='ocr_carea' id='block_1_3' title="bbox 974 4249 1024 4305">
    <p class='ocr_par' dir='ltr' id='par_1_3' title="bbox 974 4249 1024 4305">
     <span class='ocr_line' id='line_1_38' title="bbox 974 4249 1024 4305; baseline -0.02 0"><span class='ocrx_word' id='word_1_342' title='bbox 974 4249 1024 4305; x_wconf 77' lang='lat'><strong>22*</strong></span> 
     </span>
    </p>
   </div>
   <div class='ocr_carea' id='block_1_4' title="bbox 0 0 1492 5006">
    <p class='ocr_par' dir='ltr' id='par_1_4' title="bbox 0 0 1492 5006">
     <span class='ocr_line' id='line_1_39' title="bbox 0 0 1492 5006; baseline 0 0"><span class='ocrx_word' id='word_1_343' title='bbox 0 0 1492 5006; x_wconf 95' lang='lat' dir='ltr'><strong> </strong></span> 
     </span>
    </p>
   </div>
  </div>
 </body>
</html>
