3030 5022
124 353 150 424 1,
161 357 188 424 a,
204 357 337 410 111-12s
605 353 784 410 nossentne.
851 321 854 328 ’
1215 362 1255 422 83

612 543 687 608 Sca
722 544 793 609 ha'
878 597 882 606 .

125 652 173 720 Ut
199 651 367 736 speculum
389 653 535 734 tenuisti,
559 633 668 717 metuo
692 567 732 716 iic
756 652 847 718 olant
871 658 1043 736 argentum
1065 674 1196 735 manus,

125 759 176 826 Ne
201 781 341 844 usquam
365 768 534 844 argentum
558 767 590 825 te
614 762 781 844 accepisse
804 763 990 846 suspicetur
1012 761 1227 848 Philolaches,

558 916 826 986 Philolaches

125 1027 202 1093 Non
226 1027 343 1092 uideor
364 1027 487 1094 uidisse
511 1029 616 1094 lenam
642 1029 842 1094 callidiorem
866 1028 968 1094 ullam
991 1027 1139 1094 alteram.

124 1135 171 1202 Ut
189 1135 300 1220 lepide
319 1141 419 1221 atque
437 1143 544 1202 astuto
563 1137 595 1200 in
614 1145 754 1202 mentem
767 1138 859 1204 uenit
875 1137 916 1202 de
928 1135 1059 1221 speculo
1071 1137 1188 1201 malae.
1208 1153 1258 1206 766

550 1295 837 1362 Phssemaffium

125 1400 282 1468 Etiamne
306 1405 481 1485 unguentis
503 1403 714 1486 unguendam
738 1405 875 1470 censes?
934 1469 946 1494 ⁴

495 1631 499 1642 ,
612 1567 770 1652 Scapha
959 1653 962 1660 1
1138 1654 1141 1662 y

921 1677 1064 1780 hliuume
1087 1675 1214 1740 leceris.

549 1825 835 1888 Philematium

126 1931 363 2017 Quapropter?

612 2062 774 2146 Scapha

387 2170 471 2248 Quia
494 2179 624 2235 ecastor
647 2171 763 2235 mulier
785 2179 874 2236 recte
898 2171 973 2249 olet,
996 2170 1053 2235 ubi
1076 2168 1157 2236 nihil
1179 2170 1256 2235 olet.

11 2320 12 2329 ,
125 2281 213 2346 Nam
236 2281 320 2345 istae
342 2288 480 2358 ueteres,
504 2300 588 2362 quae
612 2301 646 2344 se
670 2279 847 2361 unguentis
870 2280 1046 2357 unctitant,
1068 2279 1257 2363 interpolas,

11 2455 12 2464 ,
125 2387 278 2466 Uetulae,
303 2387 485 2466 edentulae,
509 2408 594 2470 quac
617 2388 700 2452 uitia
724 2388 871 2470 corporis
894 2387 968 2452 fuco
992 2387 1156 2467 occulunt,

126 2496 192 2563 Ubi
218 2517 292 2562 sese
315 2496 414 2561 sudor
430 2500 511 2560 'cum
535 2497 709 2577 unguentis
732 2495 944 2574 consociauit,
968 2495 1044 2560 ilico
1204 2511 1255 2564 270

126 2605 248 2671 Itidem
271 2605 371 2680 olent,
395 2604 489 2687 quasi
512 2624 612 2687 quom
636 2624 700 2668 una
722 2602 829 2668 multa
851 2603 920 2668 iura
945 2603 1092 2674 confudit
1114 2623 1246 2686 coquos.

126 2713 214 2792 Quid
239 2711 338 2790 olant,
362 2713 498 2790 nescias,
521 2713 584 2776 nisi
607 2711 640 2775 id
664 2733 773 2789 unum,
796 2717 833 2776 ut
855 2712 941 2776 male
964 2713 1052 2777 olere
1070 2712 1254 2795 intellegas.

544 2876 823 2959 ¹Philolaches

127 2987 173 3053 Ut
195 2986 355 3070 perdocte
378 2993 496 3050 cuncta
519 2985 632 3066 callet,
657 2985 740 3049 nihil
762 2985 824 3050 hac
848 2985 946 3049 docta
968 2984 1109 3050 doctius.

129 3095 252 3160 Uerum
274 3093 355 3158 illud
379 3114 450 3158 esse
474 3108 627 3158 maxuma
650 3093 732 3188 adeo
761 3114 838 3177 pars
868 3100 1057 3158 uestrorum
1084 3093 1255 3176 intellegit,

129 3203 256 3282 Quibus
273 3223 357 3268 anns
376 3201 464 3266 domi
482 3209 558 3267 sunt
574 3223 703 3278 uxorea,
724 3222 809 3284 quae
822 3222 883 3266 uos
897 3201 973 3266 dote
987 3208 1186 3267 mernerunt.
1206 3217 1256 3272 277

545 3355 854 3422 Philematium

129 3464 286 3548 Agedum,
309 3463 497 3558 contempla
518 3485 635 3528 aurum
655 3469 689 3529 et
704 3463 835 3548 pallam,
859 3467 945 3530 satin
964 3464 1046 3530 haec
1062 3485 1111 3530 me
1129 3465 1257 3546 deccat,

901 3571 1041 3657 Scapha.

10 3729 14 3809 1
614 3723 774 3808 Scapha

9 3825 13 3883 1
77 3913 80 3919 ¹
133 3827 205 3893 Non
227 3851 278 3896 me
301 3831 385 3898 istnc
408 3851 525 3898 curare
548 3839 689 3918 oportet.

203 4049 266 4122 '262
285 4069 379 4124 oleant
445 4072 495 4124 264
513 4070 614 4125 alteras
682 4071 732 4123 265
750 4071 821 4125 male
839 4073 875 4141 B,
895 4069 1019 4127 manet)
1078 4073 1128 4126 266
1146 4087 1254 4139 ungun-

135 4151 168 4204 tis
184 4155 212 4207 B
282 4155 332 4210 268
351 4158 403 4210 iste
421 4155 449 4210 B
516 4157 566 4210 269
584 4157 729 4210 occultant
798 4159 847 4211 271
866 4174 950 4212 unam
1019 4159 1070 4211 272
1089 4155 1162 4225 Quid
1180 4155 1255 4212 cleas

183 4239 284 4294 nimale
339 4241 391 4296 274
409 4247 452 4296 cst
508 4239 700 4296 maximumO
756 4244 807 4297 276
824 4261 868 4298 me
888 4259 937 4298 cm.
996 4245 1047 4297 277
1067 4239 1164 4296 curaie
1181 4241 1254 4295 istuc

1026 4349 1101 4404 ,6,
