2982 5012
559 383 592 438 v.
610 385 755 439 rsa-m
1162 391 1222 452 197

96 583 187 638 tator:
227 579 449 651 „Deliberatum
480 583 527 636 est
553 577 625 636 mihi
655 598 718 638 sam
748 579 820 637 dare
849 584 942 639 totam
972 581 1010 636 ad
1041 599 1087 636 me
1117 581 1221 654 adglu-

96 680 257 754 tinandam,
282 682 337 738 hoc
359 687 404 740 est
426 701 490 740 eam
512 687 609 741 totam
633 681 670 738 ad
694 701 739 739 me
763 676 990 758 adglutinare“;
1013 682 1093 758 quod
1117 701 1223 742 vereor

96 789 128 842 ut
139 783 302 842 Lambinus
319 785 384 860 ipse
396 783 503 841 Latine
520 782 578 842 dici
597 801 683 859 posse
702 783 874 842 crediderit.
919 783 1014 842 Immo
1031 783 1220 842 scribendum

96 895 127 942 nt
148 887 217 944 leci:
254 879 474 960 adplulirtabO,
509 879 584 944 dum
612 879 674 944 b'bi.
732 886 777 944 De
804 886 896 944 verbo
918 887 954 944 cl.
979 885 1057 944 lton.
1084 888 1155 946 337.
1178 915 1220 927 -

96 989 163 1046 482.
181 983 312 1061 pessula*
332 989 409 1046 fores
432 1007 498 1045 cum
522 988 674 1046 liminibus
696 992 852 1063 superiore
875 993 907 1046 et
928 988 1069 1047 inferiore
1092 991 1221 1064 iungunt

96 1085 133 1165 (r.
157 1092 194 1150 ad
218 1092 288 1150 Aul.
315 1087 395 1160 104),
419 1083 569 1165 rcpayula
591 1109 655 1148 cnm
679 1089 826 1166 postibus.
883 1089 989 1149 Servos
1013 1089 1155 1162 advocat,
1186 1097 1221 1150 ut

95 1213 180 1268 quum
214 1194 344 1272 primum
373 1193 452 1251 aedes
480 1193 654 1266 intraverit,
690 1192 807 1250 ianuam
837 1197 907 1269 post
929 1211 960 1248 se
983 1192 1154 1252 occludunt.
1177 1223 1219 1236 —

95 1295 162 1353 483.
186 1289 267 1354 Ilico
289 1290 344 1354 uti
360 1295 474 1370 scripsi.
492 1321 535 1334 -
552 1295 614 1352 484
632 1313 676 1369 sq.
705 1287 910 1367 meccedem,
931 1313 997 1371 quae
1014 1294 1220 1356 Phanostrata

95 1399 239 1456 narranda
262 1403 356 1456 crant.
385 1426 426 1437 -
455 1398 527 1455 485.
561 1393 592 1456 at'
614 1396 684 1455 olim
707 1395 905 1455 emendatum.
966 1393 1050 1468 „sid
1076 1405 1147 1474 post
1169 1419 1216 1457 ra·

95 1519 189 1556 suram
213 1505 244 1557 et
266 1501 298 1557 in
321 1499 345 1560 Β
368 1505 399 1557 et
420 1502 451 1558 in
474 1497 499 1555 Ε
522 1505 686 1558 correctum
710 1503 771 1570 sst;
804 1505 931 1575 uterque
959 1499 995 1556 ab
1020 1501 1106 1558 initio
1132 1497 1214 1571 „set“

96 1601 227 1662 babuisse
250 1601 381 1662 videtur.
425 1597 457 1660 si
471 1615 617 1676 possum,
641 1621 669 1660 v.
683 1601 720 1658 ed
738 1601 820 1659 Tria.
834 1602 906 1660 921.
930 1600 998 1659 add.
1019 1601 1108 1660 Poon.
1125 1603 1217 1660 1061.

101 1703 175 1764 Pers.
201 1707 274 1764 008.
309 1704 386 1762 llud.
412 1706 483 1765 880.
517 1704 615 1763 Gatnl.
640 1705 690 1776 42,
714 1705 764 1762 23.

176 2013 246 2072 486.
282 1979 448 2089 Lampadio
477 2011 629 2086 Gymnasii
666 2017 790 2068 matrem
823 2013 930 2068 iterum
966 2013 1113 2069 convenit.
1171 2012 1216 2071 Ea

70 2149 73 2156 ι
96 2133 161 2173 vero
183 2121 301 2174 tantum
324 2117 420 2175 abfuit
437 2119 471 2172 ut
489 2112 677 2171 Malaenidem
700 2113 855 2186 indicaret,
879 2119 912 2170 ut
934 2115 993 2170 iam
1017 2114 1125 2186 omnia,
1150 2133 1216 2190 quac

96 2223 158 2274 ante
179 2218 258 2276 fassa
282 2221 355 2288 erat,
379 2217 537 2293 praefracte
560 2219 691 2289 negaret.
742 2209 846 2290 mayis
868 2210 1124 2288 commaculent,
1147 2235 1214 2274 cru-

96 2320 215 2378 ciatibus
238 2319 416 2395 digniorem.
462 2315 506 2376 De
530 2317 634 2375 ordine
657 2317 815 2375 verborum
840 2319 875 2376 cl.
900 2317 937 2376 ad
960 2318 1068 2393 Amph.
1091 2319 1215 2376 721.-

96 2423 162 2480 487.
184 2437 314 2500 quaene,
338 2441 365 2478 r.
391 2419 428 2478 ad
452 2419 558 2497 Amph.
583 2420 655 2478 690.
700 2419 781 2478 Ordo
804 2421 953 2493 legitimus
977 2427 1070 2478 esset:
1103 2439 1217 2495 quaene

96 2523 201 2584 infitias
222 2532 272 2582 eat
295 2545 338 2595 ca,
361 2541 428 2600 que
451 2523 562 2581 dudum
585 2521 665 2580 lassa
687 2529 743 2594 cst,
766 2544 793 2580 v.
818 2522 855 2580 ad
879 2522 943 2581 Mil.
965 2523 1055 2581 1296.
1080 2552 1121 2563 -
1144 2525 1216 2581 490.

98 2619 290 2686 Faciundum
310 2625 360 2684 est
374 2619 499 2700 puerile
520 2617 677 2700 officium,
707 2644 867 2702 puerorum
892 2644 972 2682 more
996 2641 1097 2698 agam,
1126 2645 1153 2682 v.
1180 2625 1216 2682 ad

96 2730 171 2788 Asin.
198 2731 258 2790 172
282 2733 314 2788 et
335 2728 427 2788 Stich.
454 2729 501 2787 18.
548 2727 635 2785 Rbet.
659 2729 697 2785 ad
722 2728 849 2785 llerenn,
872 2726 922 2798 lv,
948 2728 997 2798 34,
1021 2729 1077 2785 46:
1110 2747 1216 2800 „canes

97 2831 254 2908 longantur
284 2831 390 2890 officiis
420 2827 590 2908 luporum“.
614 2831 652 2888 al.
714 2829 791 2887 Nam
820 2829 871 2887 ubi
900 2831 1043 2888 cistellam
1073 2831 1103 2886 in
1137 2835 1219 2886 terra

98 2934 235 2992 iacentem
259 2935 414 3011 conspicit,
437 2939 472 2990 nt
494 2933 662 2990 accuratius
685 2932 755 3008 quid
779 2935 851 2990 insit
872 2934 1028 3002 examinet,
1056 2950 1216 3008 puerorum

97 3053 172 3093 mora
193 3038 338 3096 inclinato
361 3055 487 3113 corpore
510 3034 653 3106 subsidit,
676 3033 707 3090 id
730 3035 810 3110 quod
833 3037 959 3111 proprio
981 3035 1098 3092 nomine
1119 3033 1215 3091 Graeci

99 3137 210 3206 ὀκλάζειν
233 3141 346 3209 dicunt,
371 3138 472 3196 Latini
495 3131 737 3212 conquiniscere,
762 3159 789 3193 v.
815 3137 852 3194 ad
876 3136 982 3193 Pseud.
1003 3137 1074 3194 868.
1120 3133 1217 3194 Locus

99 3259 131 3296 aa
150 3241 245 3300 llonio
269 3241 451 3312 emendatus,
483 3242 533 3316 qui
558 3258 587 3316 p.
612 3242 667 3298 84:
706 3238 956 3315 „Conquiniscere
979 3245 1009 3296 et
1032 3239 1217 3315 oquiniscera

99 3342 226 3401 inclinari
256 3342 413 3420 significat.
469 3343 593 3400 Plautus
616 3341 800 3400 Cistellaria:
835 3339 1005 3398 faciundum
1033 3346 1079 3398 cst
1101 3341 1217 3418 puerile

99 3443 234 3520 officinm3
269 3448 488 3522 conquiniscam
517 3445 555 3502 ad
578 3441 744 3503 cistulum“.
801 3444 843 3501 cf.
868 3443 1011 3501 Priscian.
1034 3441 1062 3499 X
1085 3463 1115 3520 p.
1140 3443 1216 3500 885:

103 3544 309 3623 „Conquinisco
343 3549 503 3623 conqnexi3
539 3554 585 3605 cst
617 3554 716 3605 autem
751 3547 942 3622 conquinisco
975 3551 1064 3623 caput
1097 3544 1216 3603 inclino.

100 3643 270 3724 Pomponius
293 3654 322 3708 in
341 3651 436 3708 Vacca
452 3650 498 3707 vel
518 3649 694 3727 Marsnppio
712 3652 770 3708 ait:
795 3649 887 3706 Simul
906 3651 986 3707 intro
1005 3649 1083 3718 ueni,
1107 3648 1217 3705 accessi

102 3749 134 3806 ad
150 3758 274 3827 patrem,
297 3751 405 3830 prendi
422 3771 556 3825 manum3
580 3751 613 3810 ln
631 3757 740 3810 terram
759 3759 793 3809 ut
811 3751 938 3808 cubabat
956 3751 1075 3820 nudam,
1096 3751 1133 3808 ad
1151 3771 1218 3807 eum

103 3857 132 3905 ul
162 3858 321 3930 conqueri,
356 3855 476 3914 interim
510 3854 654 3913 Mulieres
687 3855 907 3928 conspiciunt“.
974 3852 1060 3912 Unde
1093 3858 1219 3928 apparet

103 3955 222 4030 turpiter
243 3977 357 4015 errasse
380 3956 572 4032 salmasium,
606 3958 658 4033 qui
686 3957 842 4013 obscenam
872 3955 920 4013 hic
947 3957 1042 4014 inesse
1071 3953 1216 4030 significa·

104 4055 203 4116 lionam
224 4061 386 4136 putaverit.
421 4089 461 4098 -
495 4060 566 4117 491.
598 4058 796 4117 Phanostrata
824 4077 914 4134 qnam
942 4059 1071 4134 primunr
1100 4075 1216 4114 servom

105 4156 205 4218 rodana
226 4161 446 4234 animadvertit,
470 4161 557 4220 domo
574 4160 734 4239 egreditur.
753 4191 796 4201 —
819 4164 890 4220 493.
915 4154 1027 4236 Super,
1052 4179 1079 4218 v.
1099 4158 1137 4216 ad
1151 4159 1216 4215 Cas.

108 4257 168 4317 234.
189 4292 230 4304 —
252 4265 325 4322 494.
356 4260 521 4338 „infitiare“
548 4263 632 4322 codd.
657 4264 708 4321 scd
734 4269 763 4320 ct
787 4265 884 4322 activa
906 4263 993 4322 huius
1017 4261 1099 4320 verbi
1124 4261 1217 4318 lorma
