3030 5022
258 300 299 360 35
771 296 865 351 Plauti
1153 297 1380 368 1,4‚24-11,1,c

258 483 310 549 Illi
333 504 391 566 ego
416 506 454 548 ex
478 465 783 570 omnibus'optume
807 487 893 553 uolo.

258 591 327 656 lam
350 600 508 658 reuortar.

568 723 570 728 -
675 678 959 746 Phssemaffium

557 787 622 878 Diu
646 793 698 854 est
721 789 805 855 ’iam’
828 789 863 856 id
885 789 974 856 mihi.

666 895 975 970 Callidamates,

259 1001 380 1084 Ecquis
403 1000 456 1068 hic
479 1003 550 1069 osi?
594 1002 705 1082 Adest,
729 1023 778 1082 eu,
803 1003 1020 1071 Philolaches.

260 1107 366 1189 Saluo,
390 1113 597 1176 amicissume
620 1111 699 1180 mihi
723 1113 1065 1196 omniumhominum.

696 1219 948 1288 Philolaches
989 1258 994 1267 ·

259 1326 299 1390 Di
322 1337 354 1392 te
377 1335 494 1392 ament.
540 1327 686 1406 Adouba,
711 1325 955 1395 Callidamates.

258 1432 351 1499 Unde
374 1435 445 1518 agis
469 1435 524 1501 tel

668 1519 968 1600 Callidamates
1053 1579 1057 1588 .

569 1628 662 1695 Unde
685 1630 792 1705 homo¹
806 1630 915 1696 ebrius
939 1631 1049 1714 probe.

690 1737 948 1826 Philolaches

259 1843 344 1922 Quin
368 1845 484 1911 amabo
508 1845 662 1926 adcubes,
686 1845 861 1930 Delphium
884 1847 978 1944 mea?
1015 1941 1020 1948 Ι

259 1952 309 2018 Da
331 1952 380 2018 illi
402 1953 489 2036 quod
509 1954 612 2046 hibat.

673 2061 969 2128 Callidamates
1072 2073 1105 2160 ‚¹

654 2170 820 2235 Dormiam
845 2191 904 2252 ego
926 2172 1003 2236 iam.

709 2278 929 2364 Delphium

258 2385 344 2450 Num
368 2387 485 2450 mirum
508 2392 565 2451 aut
587 2407 709 2452 nouom
732 2385 902 2470 quidpiam
924 2386 1025 2452 lacit?

260 2489 345 2571 Quid
367 2514 427 2576 ego
451 2494 513 2560 hoc
537 2493 653 2559 faciam
678 2495 815 2577 postea?

683 2602 951 2668 Philolaches

843 2709 896 2775 Sic
919 2713 988 2776 sine
1012 2732 1155 2795 eumpse.

259 2821 325 2902 Age
349 2825 385 2884 tu
407 2821 537 2916 interim
562 2819 604 2884 da
627 2819 668 2885 ab
694 2818 835 2904 Delphio
860 2821 925 2884 cito
950 2820 1144 2885 cantharum
1168 2820 1302 2885 circum.
1429 2885 1431 2890 .

259 3193 418 3260 TRANIO
442 3193 615 3261 SERUOS.
650 3176 1377 3297 PHILOLACHES.¹(PH1JLEMATIUM)

512 3312 849 3381 CALLIDAMATES.
895 3314 1133 3381 DELPHIUM.

748 3475 897 3540 Tranio

258 3585 407 3669 Iuppiter
431 3605 601 3667 supremus
625 3586 760 3648 summis
785 3584 902 3668 opibus
926 3591 1025 3666 atque
1049 3583 1220 3676 industriis
1333 3601 1378 3653 340

258 3694 310 3758 Mo
334 3693 457 3776 perisse
482 3699 513 3756 et
535 3689 793 3757 Philolachetem
818 3694 909 3776 cupit
933 3693 1044 3757 erilem
1066 3691 1177 3790 filium.

345 3931 395 3985 329
414 3929 491 3984 CAL.
509 3927 580 3984 Ilico
601 3945 634 3982 ex
692 3932 742 3983 330
760 3929 840 3988 DEL,
862 3929 920 3984 Iam
938 3935 1064 3984 reuertar
1082 3927 1158 3983 CAL.
1228 3929 1277 3982 331
1297 3927 1374 3984 DEL.

257 4017 380 4087 Hocquis
398 4015 445 4070 hic
465 4015 526 4069 cat?
546 4014 623 4068 CAL.
678 4015 817 4070 3321’111.
872 4018 922 4071 333
941 4011 1013 4069 PHI.
1032 4029 1080 4070 om.
1136 4011 1379 4069 callidamentosC

258 4103 308 4158 334
325 4119 362 4172 sq.
383 4099 475 4155 Probo
494 4100 560 4169 quin
636 4101 687 4154 335
706 4103 853 4156 accumbas
874 4101 914 4156 0¹
960 4103 1010 4154 337
1028 4097 1145 4153 PHILO.
1215 4101 1265 4154 338
1283 4103 1377 4168 postca

258 4189 376 4243 messio
397 4188 455 4250 sine
475 4185 616 4255 cumipse
