2976 5018
547 369 713 424 cannara
1133 378 1193 439 175

64 563 94 619 in
116 561 171 620 hae
195 583 263 621 cum
292 567 387 621 matre
413 568 541 642 propter
563 583 628 623 eam
651 584 713 622 rem
736 563 996 624 vehementissime
1020 567 1193 627 altercatur.

64 665 128 722 Hoc
145 665 272 742 primus,
291 665 371 742 qnod
389 667 489 738 sciam,
502 665 690 742 Ladawigius
709 666 923 726 animadvertit
940 668 1017 728 Mus.
1035 668 1131 728 Rhen.
1150 670 1195 728 Ill

64 787 93 843 p.
120 769 193 826 529.
251 765 297 825 Ex
319 771 357 828 iis
378 769 571 843 fragmentis,
600 787 666 845 quse
697 773 831 842 exstant,
866 771 955 828 etiam
979 771 1194 830 Alcesimarehi

64 876 192 946 patrem,
217 873 310 944 cuins,
334 873 385 949 qni
402 871 519 948 prologi
538 871 603 930 vice
627 876 834 944 argumentum
857 879 990 948 narrant,
1013 875 1194 933 mentionem

65 973 179 1031 laniunt
200 968 242 1044 (v.
266 967 331 1050 99),
355 975 387 1033 in
409 993 527 1033 scenam
551 974 645 1032 exisse
667 974 852 1049 auspicatur,
883 976 994 1052 quippe
1018 977 1079 1052 qui,
1103 997 1193 1053 quum

66 1071 159 1132 tilium
183 1077 349 1135 meretricis
371 1095 472 1135 amore
495 1080 614 1153 captum
637 1095 701 1136 esee
725 1077 925 1153 comperisset,
949 1079 980 1136 iu
1003 1077 1105 1136 urbem
1125 1099 1193 1156 pro·

66 1178 220 1254 paravisse
241 1177 388 1250 videatur,
411 1180 527 1238 veritus
550 1197 587 1236 ne
609 1177 803 1256 Demiphonis
831 1177 938 1252 filiam,
974 1201 1062 1258 quam
1091 1183 1118 1238 ei
1146 1181 1194 1240 de·

67 1279 246 1358 sponderat,
275 1282 384 1341 ducere
406 1280 497 1352 nolit,
532 1285 651 1340 etcum
674 1279 830 1338 Melaenide
853 1282 1016 1341 collocutus
1039 1285 1193 1343 consilium

68 1385 129 1442 eina
159 1382 270 1442 Selenii
299 1383 463 1442 retinenda
491 1381 679 1442 confirmasse
708 1383 872 1442 credendus
899 1385 947 1442 sit.
1005 1384 1194 1461 Ladewigius

68 1491 182 1558 autem,
207 1488 346 1562 quoniam
374 1505 412 1546 ex
440 1487 477 1545 iis
500 1486 584 1545 Festi
610 1486 698 1558 locis,
733 1487 785 1562 qni
814 1485 853 1545 ad
882 1507 909 1544 v.
934 1489 995 1544 383
1020 1487 1192 1561 afferentur,

69 1589 237 1648 Cistellaria
264 1589 360 1648 altero
389 1589 507 1648 nemine
530 1588 622 1664 Syrus
650 1589 802 1666 appellate
830 1588 979 1661 videatur,
1013 1591 1102 1648 etiam
1126 1591 1194 1667 Syri

68 1693 147 1750 servi
174 1693 205 1750 in
233 1711 269 1749 ea
290 1694 391 1767 partes
413 1692 505 1749 fnisse
527 1695 630 1769 putat,
658 1691 786 1750 hominis
809 1691 939 1764 linguam
963 1691 1082 1751 ridiculi
1105 1713 1195 1752 cansa

69 1814 127 1853 non
159 1793 339 1854 continentis
371 1793 530 1870 verbisque
559 1795 672 1853 utentis
700 1793 808 1852 infimas
836 1794 917 1871 plebi
940 1795 1192 1854 convenientibus.

70 1897 127 1956 Sed
148 1915 214 1974 quae
236 1896 325 1955 huius
353 1898 431 1954 servi
458 1901 561 1974 partes
588 1899 619 1954 in
648 1899 824 1973 argumento
851 1896 959 1955 fabulae
981 1915 1045 1956 esse
1068 1899 1193 1974 possint,

69 2019 128 2060 non
148 1999 338 2072 intelligitur,
362 2018 417 2056 nec
438 2003 538 2059 tamen
561 2001 683 2073 exiguas
707 2017 756 2057 aas
778 2003 880 2075 partes
903 1999 995 2058 fuisse
1014 2004 1144 2077 oportet,
1168 2004 1194 2059 si

71 2108 132 2162 eius
151 2102 272 2162 nomine
295 2101 398 2160 fabula
419 2101 572 2179 appellata
594 2103 640 2158 eit.
693 2101 756 2160 Hoc
778 2121 869 2178 quum
891 2107 972 2161 recte
994 2103 1194 2162 intellexisset

70 2205 193 2265 Winter.
216 2205 317 2262 Plauti
338 2205 507 2262 fabularum
530 2204 751 2280 deperditarum
774 2204 930 2280 fragment.
955 2224 985 2281 p.
1010 2205 1102 2282 tisq,
1126 2226 1192 2265 cum

71 2307 100 2367 0.
125 2308 158 2366 Ο.
180 2307 328 2366 Muellero
357 2307 475 2366 eosdem
505 2327 608 2366 verens
635 2307 665 2365 in
689 2305 804 2366 duabus
826 2306 951 2379 fabulis,
978 2312 1009 2365 et
1035 2308 1066 2364 in
1089 2307 1193 2366 Cistel-

72 2413 144 2470 laria
166 2415 198 2472 et
219 2411 250 2468 in
272 2409 356 2485 Syro,
379 2411 496 2487 positos
518 2410 608 2469 fnisse
631 2409 766 2487 putavit;
789 2409 984 2485 quodquam
1007 2409 1037 2466 in
1060 2409 1194 2469 versibus

71 2516 201 2590 vulgaris
234 2515 391 2572 sententiaa
424 2513 513 2571 facile
546 2511 611 2570 fieri
643 2513 755 2589 poasit,
790 2533 817 2570 v.
841 2511 878 2570 ad
902 2512 985 2569 Asin.
1013 2514 1071 2572 185
1103 2517 1133 2571 et
1155 2514 1193 2572 ad

72 2615 175 2676 Pseud.
200 2617 277 2688 tae,
312 2616 343 2673 in
366 2615 438 2674 locis
461 2616 567 2674 coloris
589 2620 651 2672 tam
675 2615 833 2689 singularis
855 2613 921 2672 fieri
943 2633 1002 2672 non
1024 2633 1112 2692 posse
1134 2615 1193 2673 iam

73 2718 248 2777 Ritschelins
271 2723 351 2777 reete
374 2717 527 2776 iudicavit.
571 2717 678 2794 Itaque
700 2717 767 2773 illes
789 2716 909 2791 quidem
928 2735 1030 2775 versus
1048 2718 1112 2775 sine
1130 2718 1193 2776 ullo

75 2820 254 2880 dubitatione
283 2820 481 2896 Lampadioni
512 2820 688 2879 Cistellaria
717 2819 898 2893 tribuemus,
933 2820 1061 2894 duplicia
1094 2825 1192 2878 autem

75 2926 194 2984 nominis
222 2922 330 2982 fabula
359 2923 418 2981 alia
446 2923 606 3000 explicatio
635 2920 795 2998 querenda
818 2925 874 2980 est.
927 2921 1027 2996 Atque
1050 2941 1140 2999 quum
1163 2924 1194 2980 in

75 3025 153 3084 Festi
183 3027 257 3086 loeis
292 3025 388 3084 altero
420 3025 468 3099 „in
491 3021 577 3102 Syr.“
608 3027 741 3098 legatur,
775 3023 871 3080 altero
897 3023 944 3094 ,in
969 3022 1060 3098 Sy..,
1095 3023 1194 3082 exitus

77 3133 167 3187 autern
189 3129 319 3188 nominis
342 3129 372 3186 in
395 3133 502 3186 neutro
525 3131 685 3206 appareat,
720 3146 778 3184 non
801 3124 907 3200 Syrum
934 3125 1064 3184 fabulum
1088 3127 1191 3204 appel·

76 3231 159 3290 latam
181 3231 280 3303 credo,
304 3229 357 3289 sed
380 3224 510 3308 Syram,
540 3237 574 3289 ut
595 3230 651 3289 hoc
673 3247 781 3288 nomen
803 3229 894 3286 fuerit
917 3229 1006 3284 matri
1030 3227 1192 3304 Gymnasii,

79 3353 138 3408 qua
163 3335 193 3392 in
221 3331 374 3392 codicibus
396 3333 520 3410 proprio
542 3333 662 3392 nomine
684 3351 788 3389 carena
814 3327 918 3404 ,lena“
943 3335 1117 3405 usurpatur,
1141 3337 1194 3389 aut

80 3427 178 3510 Syrte,
201 3441 235 3495 ut
257 3439 321 3494 tam
343 3436 397 3494 illa
420 3456 508 3513 quam
531 3435 673 3507 Melaenis,
703 3435 805 3492 amicae
828 3434 911 3490 etin
934 3432 1037 3510 puella
1058 3434 1194 3511 exposita

81 3537 232 3596 auferenda
254 3539 387 3610 conseia,
411 3557 447 3596 ex
470 3538 557 3614 Syria
580 3536 713 3602 oriundae
736 3535 857 3593 fuerint.

155 3640 352 3699 Menandrum
374 3641 462 3698 huius
484 3641 594 3698 fabula
617 3643 769 3698 auctorem
791 3637 956 3713 principem
980 3638 1086 3712 fnisse,
1122 3657 1192 3696 con-

80 3737 196 3800 fidenter
228 3742 424 3817 affirmamus,
458 3745 597 3820 quoniam
631 3740 668 3798 ab
702 3759 737 3797 eo
770 3740 901 3815 expressi
934 3744 1005 3798 sunt
1030 3761 1060 3798 v.
1084 3741 1125 3798 87
1148 3759 1192 3817 sq.

83 3841 160 3912 Quod
191 3852 290 3906 antem
321 3851 449 3923 propter
480 3843 707 3904 similitudinem
744 3841 893 3919 quandem
930 3843 1098 3916 argumenti
1127 3861 1193 3899 cum

84 3942 187 4004 Andria
207 3947 385 4008 Terentiana
407 3947 557 4021 Ladewig.
583 3945 660 4004 Mus.
679 3943 773 4002 Rhea.
799 3943 843 4002 ΙΙΙ
864 3963 893 4020 p.
919 3946 979 4002 532
1010 3942 1193 4002 Perinthiam

85 4043 228 4112 Menandri
250 4049 423 4109 Cistellaria
445 4053 631 4127 prototypon
660 4046 751 4104 fuisse
780 4052 895 4118 censet,
929 4047 1017 4104 nimie
1043 4045 1109 4106 leve
1138 4051 1192 4105 est.

86 4173 123 4185 ·-
143 4146 344 4212 Recentiorum
377 4151 453 4210 hanc
485 4151 618 4212 fabulam
651 4149 784 4208 imitatus
818 4148 927 4208 dicitur
960 4147 1066 4206 Gecehi
1099 4147 1194 4208 Italus
