2982 5014
88 1564 345 1658 Menoeehumrum
368 1604 573 1675 argumentum
595 1599 650 1660 hoe
679 1605 731 1660 est.
782 1601 981 1678 Syracusanus
1011 1585 1132 1678 qnidam
1157 1623 1208 1681 ge·

88 1701 184 1760 minos
209 1700 288 1760 filiae
312 1701 433 1774 habuit,
450 1701 666 1762 Menaeohmum
688 1708 718 1762 et
739 1703 890 1763 Sosiclem.
941 1703 1056 1764 Horum
1084 1705 1210 1770 alterum

90 1823 180 1879 quum
205 1804 368 1864 Tarentum
391 1804 429 1862 ad
451 1811 613 1865 mereatum
637 1825 735 1866 seeum
754 1805 912 1880 eduxisset,
936 1807 1016 1866 furto
1035 1807 1209 1885 subreptum

90 1907 204 1980 amisit;
235 1908 300 1983 ipse
324 1907 428 1967 dolore
450 1913 641 1988 consumptus
662 1912 798 1969 moritur.
849 1910 985 1969 Alterum
1014 1908 1107 1968 filium
1131 1909 1210 1970 domi

89 2008 226 2068 relietum
249 2029 321 2069 arne
343 2010 424 2070 illine
446 2015 567 2071 nomine
589 2009 804 2071 Menaechmum
827 2013 969 2090 appellat.
1018 2012 1047 2072 Ie
1070 2009 1210 2087 (Sosicles

89 2131 111 2169 e.
123 2111 323 2172 Menaeohmns
339 2105 383 2191 11)
401 2119 559 2193 postquam
578 2115 717 2189 adolevit,
741 2116 863 2174 tranem
880 2116 1019 2174 amissum
1036 2136 1092 2194 per
1109 2137 1210 2176 omnes

88 2218 182 2274 terras
218 2235 352 2292 querens
380 2222 451 2294 poet
479 2217 584 2293 longos
613 2237 730 2278 errores
762 2217 882 2277 tandem
912 2217 1125 2295 Epidamnum,
1158 2219 1228 2278 ubi¹

88 2317 181 2376 frater
204 2323 279 2392 erat,
303 2319 469 2395 devehitur,
493 2320 595 2399 ibique
617 2321 779 2381 similitudo
803 2321 1006 2396 gemellorum,
1035 2341 1094 2399 qua
1115 2324 1211 2382 maior

88 2422 169 2479 nulla
192 2423 319 2499 eogitari
341 2427 450 2500 potest,
473 2424 603 2502 primum
621 2443 773 2486 maxumas
792 2424 895 2483 turbae
914 2427 1004 2496 creat,
1028 2427 1090 2483 tum
1109 2424 1209 2498 efficit,

88 2526 212 2584 utinter
230 2544 260 2583 se
278 2530 448 2602 agnoscant.
483 2526 558 2586 Nam
569 2526 769 2587 Menmohmue
780 2528 831 2585 ille
842 2526 1038 2605 Epidamnios
1050 2522 1209 2600 (Menaeoh-
1296 2562 1302 2576 »

88 2626 199 2702 muel),
224 2649 312 2707 quem
328 2630 430 2688 uxoris
448 2649 515 2688 oum
536 2651 643 2708 magna
666 2631 736 2690 dote
759 2631 855 2689 duotm
877 2619 937 2688 iam
958 2630 1060 2702 tedet,
1085 2632 1209 2690 amicam

88 2730 177 2790 habet
187 2731 327 2791 Erotium
344 2733 539 2793 meretricem.
574 2733 611 2792 Ei
622 2733 732 2812 pallam
743 2734 829 2792 uxori
842 2737 1008 2810 surreptam
1023 2731 1109 2790 affert
1120 2705 1209 2810 prad·

89 2833 197 2911 dieque
227 2834 309 2912 apud
338 2854 401 2893 eam
429 2835 566 2895 oondioto
588 2857 648 2895 nna
669 2857 734 2895 oum
756 2837 889 2913 parasito
912 2834 950 2893 ad
972 2835 1070 2893 forum
1090 2833 1209 2912 profici·

89 2941 189 2996 soitur.
235 2938 358 2998 Interim
381 2938 457 2997 alter
474 2938 674 2998 Menaeohmus
696 2959 762 2998 oum
783 2938 971 2998 Messenione
993 2957 1078 2997 servo
1102 2957 1120 2995 a
1141 2938 1210 2997 navi

90 3039 219 3100 aduenit.
274 3041 305 3100 Ie
336 3035 378 3098 et
394 3061 413 3099 a
440 3061 535 3119 eoquo
556 3043 655 3102 Erotii
686 3048 715 3158 ep
747 3042 783 3100 ab
812 3043 878 3119 ipse
898 3040 1004 3100 Erotio
1032 3059 1088 3117 pro
1118 3039 1210 3099 fratre

89 3141 208 3203 habitus
229 3162 284 3203 neo
305 3143 464 3222 prandium
487 3147 544 3205 sibi
568 3145 699 3211 oblatum
721 3148 898 3221 aspernetur
920 3149 951 3202 et
967 3142 1070 3219 preda
1088 3149 1210 3204 onustus

90 3243 231 3320 dissedit,
261 3267 329 3306 nem
352 3249 494 3306 meretrix
516 3249 627 3327 pallam
649 3248 706 3307 sibi
728 3247 844 3320 datam,
877 3251 912 3304 ut
933 3266 952 3304 a
973 3245 1140 3325 phrygione
1163 3267 1209 3305 re·

91 3351 291 3424 oonoinnetur,
313 3353 341 3408 ei
362 3351 465 3411 tradit
511 3350 570 3411 Sed
590 3350 720 3410 nondum
741 3350 838 3410 locum
859 3349 990 3426 reliquit,
1015 3369 1106 3426 quum
1123 3369 1210 3427 pare·

91 3453 164 3512 sitne
194 3454 326 3513 advenit.
391 3454 421 3512 Ie
449 3456 584 3529 graviter
610 3458 749 3532 questus,
783 3451 862 3531 qnod
892 3453 956 3510 eine
988 3471 1019 3510 se
1051 3452 1215 3530 prandium¹

91 3555 264 3631 inatitnerit,
288 3576 379 3635 quum
403 3557 440 3616 ab
462 3555 590 3634 homine,
613 3559 666 3636 qni
687 3577 754 3616 eum
776 3573 934 3632 numquam
956 3554 1035 3613 vidit
1051 3550 1210 3628 (Menaech-

92 3677 138 3717 mo
160 3656 211 3734 11),
236 3679 302 3718 oum
325 3660 513 3720 contumelia.
526 3661 608 3719 abire
630 3660 783 3734 iubeatur,
810 3659 906 3717 iratus
934 3656 972 3715 ad
1000 3677 1124 3717 uxorem
1146 3658 1209 3717 Me·

92 3762 214 3822 naeohmi
237 3757 278 3840 (Ι)
301 3783 332 3822 se
360 3763 490 3837 confert,
525 3784 648 3842 eamque
677 3768 708 3822 et
735 3763 772 3822 de
801 3763 894 3820 amioa
921 3760 978 3817 viri
1008 3764 1038 3820 et
1066 3759 1102 3820 de
1130 3760 1211 3838 palla

93 3871 229 3944 surrepta
259 3868 416 3928 certiorem
443 3865 526 3925 feeit.
582 3867 659 3925 Huio
681 3866 718 3925 ad
740 3865 878 3924 Erotium
908 3864 1095 3939 properanti,
1130 3863 1212 3940 apud
1271 3914 1273 3920 ,

95 3987 181 4044 quam
202 3971 300 4028 virum
322 3989 407 4028 enum
425 3987 456 4028 ee
474 3988 682 4048 oppressuram
699 3972 809 4047 eperat,
832 3970 897 4045 ipse
913 3967 960 4024 vir
977 3985 996 4022 a
1010 3966 1075 4024 foro
1093 3966 1210 4024 rediens

95 4069 209 4131 obviem
242 4070 277 4130 fit
311 4077 341 4130 et
373 4074 506 4132 convicio
538 4065 601 4132 tar’n
633 4074 735 4132 uxoris
770 4091 859 4148 quam
897 4069 1025 4148 parasiti
1062 4068 1209 4144 obruitur,

96 4189 242 4252 quumque
265 4193 340 4234 uxor
363 4181 433 4234 ante
455 4177 562 4250 omnia,
585 4181 620 4235 nt
642 4175 751 4254 pallam
773 4173 830 4232 sibi
851 4172 973 4244 reddat,
1001 4171 1135 4249 postulet
1156 4192 1211 4230 neo

95 4276 150 4332 nisi
162 4297 196 4335 ea
207 4282 330 4355 recepta
341 4277 460 4338 domum
480 4299 546 4337 eum
563 4282 676 4338 intrare
691 4278 834 4354 patiatur,
847 4277 884 4335 ad
896 4275 1034 4334 Erotium
1052 4295 1211 4334 conversus
