<?xml version="1.0" encoding="UTF-8"?>
<!DOCTYPE html PUBLIC "-//W3C//DTD XHTML 1.0 Transitional//EN"
    "http://www.w3.org/TR/xhtml1/DTD/xhtml1-transitional.dtd">
<html xmlns="http://www.w3.org/1999/xhtml" xml:lang="en" lang="en">
 <head>
  <title>
</title>
<meta http-equiv="Content-Type" content="text/html;charset=utf-8" />
  <meta name='ocr-system' content='tesseract 3.04.00' />
  <meta name='ocr-capabilities' content='ocr_page ocr_carea ocr_par ocr_line ocrx_word'/>
</head>
<body>
  <div class='ocr_page' id='page_1' title='image "./tmacciiplautico03ussigoog_0390.png"; bbox 0 0 3030 5022; ppageno 0'>
   <div class='ocr_carea' id='block_1_1' title="bbox 640 409 1284 478">
    <p class='ocr_par' dir='ltr' id='par_1_1' title="bbox 640 409 1284 478">
     <span class='ocr_line' id='line_1_1' title="bbox 640 409 1284 478; baseline 0 -12"><span class='ocrx_word' id='word_1_1' title='bbox 640 409 819 468; x_wconf 75' lang='lat' dir='ltr'><strong>Menaechmi</strong></span> <span class='ocrx_word' id='word_1_2' title='bbox 1226 417 1284 478; x_wconf 83' lang='grc'>167</span> 
     </span>
    </p>
   </div>
   <div class='ocr_carea' id='block_1_2' title="bbox 583 600 1383 668">
    <p class='ocr_par' dir='ltr' id='par_1_2' title="bbox 583 600 1383 668">
     <span class='ocr_line' id='line_1_2' title="bbox 583 600 1383 668; baseline 0.011 -3"><span class='ocrx_word' id='word_1_3' title='bbox 583 600 865 668; x_wconf 81' lang='lat' dir='ltr'><strong>Menaechmus</strong></span> <span class='ocrx_word' id='word_1_4' title='bbox 1324 609 1328 616; x_wconf 87' lang='lat'>&#39;</span> <span class='ocrx_word' id='word_1_5' title='bbox 1368 619 1383 652; x_wconf 82' lang='lat'>⁸</span> 
     </span>
    </p>
   </div>
   <div class='ocr_carea' id='block_1_3' title="bbox 160 685 1283 860">
    <p class='ocr_par' dir='ltr' id='par_1_3' title="bbox 160 685 1283 860">
     <span class='ocr_line' id='line_1_3' title="bbox 160 685 1283 860; baseline -0.003 -83"><span class='ocrx_word' id='word_1_6' title='bbox 160 793 221 860; x_wconf 56' lang='lat' dir='ltr'><strong>Sal</strong></span> <span class='ocrx_word' id='word_1_7' title='bbox 516 708 543 776; x_wconf 89' lang='grc' dir='ltr'><strong>Ο</strong></span> <span class='ocrx_word' id='word_1_8' title='bbox 566 729 639 776; x_wconf 82' lang='lat' dir='ltr'><strong>mea</strong></span> <span class='ocrx_word' id='word_1_9' title='bbox 662 709 884 789; x_wconf 68' lang='lat' dir='ltr'><strong>commoditas,</strong></span> <span class='ocrx_word' id='word_1_10' title='bbox 907 729 1021 776; x_wconf 86' lang='lat' dir='ltr'><strong>omes</strong></span> <span class='ocrx_word' id='word_1_11' title='bbox 1044 685 1283 794; x_wconf 79' lang='lat' dir='ltr'><strong>opportunitas.</strong></span> 
     </span>
     <span class='ocr_line' id='line_1_4' title="bbox 222 814 272 860; baseline 0 -1"><span class='ocrx_word' id='word_1_12' title='bbox 222 814 272 860; x_wconf 91' lang='lat' dir='ltr'><strong>ue.</strong></span> 
     </span>
    </p>
   </div>
   <div class='ocr_carea' id='block_1_4' title="bbox 313 901 833 1054">
    <p class='ocr_par' dir='ltr' id='par_1_4' title="bbox 313 901 833 1054">
     <span class='ocr_line' id='line_1_5' title="bbox 613 901 833 968; baseline 0.005 -1"><span class='ocrx_word' id='word_1_13' title='bbox 613 901 833 968; x_wconf 88' lang='lat' dir='ltr'><strong>Peniculus</strong></span> 
     </span>
     <span class='ocr_line' id='line_1_6' title="bbox 313 985 421 1054; baseline -0.009 -2"><span class='ocrx_word' id='word_1_14' title='bbox 313 985 421 1054; x_wconf 82' lang='lat' dir='ltr'><strong>Sulue.</strong></span> 
     </span>
    </p>
   </div>
   <div class='ocr_carea' id='block_1_5' title="bbox 366 1095 1287 1520">
    <p class='ocr_par' dir='ltr' id='par_1_5' title="bbox 366 1095 1287 1520">
     <span class='ocr_line' id='line_1_7' title="bbox 580 1095 865 1162; baseline 0 -1"><span class='ocrx_word' id='word_1_15' title='bbox 580 1095 865 1162; x_wconf 72' lang='lat' dir='ltr'><strong>Menaechmus</strong></span> 
     </span>
     <span class='ocr_line' id='line_1_8' title="bbox 366 1203 643 1286; baseline 0.007 -18"><span class='ocrx_word' id='word_1_16' title='bbox 366 1213 371 1224; x_wconf 91' lang='grc'><em>·</em></span> <span class='ocrx_word' id='word_1_17' title='bbox 441 1203 525 1282; x_wconf 83' lang='lat' dir='ltr'><strong>Quid</strong></span> <span class='ocrx_word' id='word_1_18' title='bbox 549 1204 643 1286; x_wconf 81' lang='lat' dir='ltr'><strong>egis?</strong></span> 
     </span>
     <span class='ocr_line' id='line_1_9' title="bbox 615 1303 1253 1402; baseline 0.017 -11"><span class='ocrx_word' id='word_1_19' title='bbox 615 1303 833 1394; x_wconf 62' lang='lat' dir='ltr'><strong>Penidulus</strong></span> <span class='ocrx_word' id='word_1_20' title='bbox 874 1342 878 1352; x_wconf 91' lang='lat'>&#39;</span> <span class='ocrx_word' id='word_1_21' title='bbox 1251 1396 1253 1402; x_wconf 90' lang='lat'>.</span> 
     </span>
     <span class='ocr_line' id='line_1_10' title="bbox 659 1433 1287 1520; baseline 0.011 -20"><span class='ocrx_word' id='word_1_22' title='bbox 659 1433 768 1503; x_wconf 86' lang='lat' dir='ltr'><strong>Teneo</strong></span> <span class='ocrx_word' id='word_1_23' title='bbox 793 1436 926 1503; x_wconf 83' lang='lat' dir='ltr'><strong>dextera</strong></span> <span class='ocrx_word' id='word_1_24' title='bbox 946 1437 1076 1520; x_wconf 83' lang='lat' dir='ltr'><strong>genium</strong></span> <span class='ocrx_word' id='word_1_25' title='bbox 1098 1457 1217 1502; x_wconf 91' lang='lat' dir='ltr'><strong>meum.</strong></span> <span class='ocrx_word' id='word_1_26' title='bbox 1237 1454 1287 1506; x_wconf 87' lang='grc'><strong>140</strong></span> 
     </span>
    </p>
   </div>
   <div class='ocr_carea' id='block_1_6' title="bbox 158 1566 1285 1778">
    <p class='ocr_par' dir='ltr' id='par_1_6' title="bbox 158 1566 1285 1778">
     <span class='ocr_line' id='line_1_11' title="bbox 581 1566 1184 1648; baseline 0.005 -17"><span class='ocrx_word' id='word_1_27' title='bbox 581 1566 865 1632; x_wconf 82' lang='lat' dir='ltr'><strong>Menaechmus</strong></span> <span class='ocrx_word' id='word_1_28' title='bbox 1181 1641 1184 1648; x_wconf 54' lang='grc'><em>,</em></span> 
     </span>
     <span class='ocr_line' id='line_1_12' title="bbox 158 1674 1285 1778; baseline -0.003 -36"><span class='ocrx_word' id='word_1_29' title='bbox 158 1677 235 1742; x_wconf 90' lang='lat' dir='ltr'><strong>Non</strong></span> <span class='ocrx_word' id='word_1_30' title='bbox 247 1675 385 1760; x_wconf 87' lang='lat' dir='ltr'><strong>potuisti</strong></span> <span class='ocrx_word' id='word_1_31' title='bbox 397 1676 500 1758; x_wconf 78' lang='lat' dir='ltr'><strong>magis</strong></span> <span class='ocrx_word' id='word_1_32' title='bbox 513 1696 573 1759; x_wconf 89' lang='lat' dir='ltr'><strong>per</strong></span> <span class='ocrx_word' id='word_1_33' title='bbox 591 1681 720 1759; x_wconf 90' lang='lat' dir='ltr'><strong>tempus</strong></span> <span class='ocrx_word' id='word_1_34' title='bbox 737 1674 817 1760; x_wconf 83' lang='lat' dir='ltr'><strong>mihi</strong></span> <span class='ocrx_word' id='word_1_35' title='bbox 834 1675 1003 1778; x_wconf 80' lang='lat' dir='ltr'><strong>aduenire,</strong></span> <span class='ocrx_word' id='word_1_36' title='bbox 1021 1695 1121 1760; x_wconf 79' lang='lat' dir='ltr'><strong>quem</strong></span> <span class='ocrx_word' id='word_1_37' title='bbox 1138 1674 1285 1740; x_wconf 81' lang='lat' dir='ltr'><strong>aduenis.</strong></span> 
     </span>
    </p>
   </div>
   <div class='ocr_carea' id='block_1_7' title="bbox 159 1804 1094 2002">
    <p class='ocr_par' dir='ltr' id='par_1_7' title="bbox 159 1804 1094 2002">
     <span class='ocr_line' id='line_1_13' title="bbox 613 1804 835 1872; baseline 0.009 -2"><span class='ocrx_word' id='word_1_38' title='bbox 613 1804 835 1872; x_wconf 87' lang='lat' dir='ltr'><strong>Peniculus</strong></span> 
     </span>
     <span class='ocr_line' id='line_1_14' title="bbox 159 1912 1094 2002; baseline -0.002 -22"><span class='ocrx_word' id='word_1_39' title='bbox 159 1916 213 1980; x_wconf 84' lang='lat' dir='ltr'><strong>Its</strong></span> <span class='ocrx_word' id='word_1_40' title='bbox 235 1935 294 1997; x_wconf 80' lang='lat' dir='ltr'><strong>ego</strong></span> <span class='ocrx_word' id='word_1_41' title='bbox 317 1914 423 1994; x_wconf 89' lang='lat' dir='ltr'><strong>soleo;</strong></span> <span class='ocrx_word' id='word_1_42' title='bbox 446 1912 688 2002; x_wconf 78' lang='lat' dir='ltr'><strong>commoditatis</strong></span> <span class='ocrx_word' id='word_1_43' title='bbox 712 1915 816 1981; x_wconf 89' lang='lat' dir='ltr'><strong>omnis</strong></span> <span class='ocrx_word' id='word_1_44' title='bbox 840 1913 995 1980; x_wconf 79' lang='lat' dir='ltr'>articulos</span> <span class='ocrx_word' id='word_1_45' title='bbox 1018 1914 1094 1980; x_wconf 80' lang='lat' dir='ltr'><strong>scio.</strong></span> 
     </span>
    </p>
   </div>
   <div class='ocr_carea' id='block_1_8' title="bbox 159 2044 866 2238">
    <p class='ocr_par' dir='ltr' id='par_1_8' title="bbox 159 2044 866 2238">
     <span class='ocr_line' id='line_1_15' title="bbox 581 2044 866 2112; baseline 0.007 -2"><span class='ocrx_word' id='word_1_46' title='bbox 581 2044 866 2112; x_wconf 72' lang='lat' dir='ltr'><strong>Menaechmus</strong></span> 
     </span>
     <span class='ocr_line' id='line_1_16' title="bbox 159 2150 866 2238; baseline -0.003 -18"><span class='ocrx_word' id='word_1_47' title='bbox 159 2153 225 2220; x_wconf 89' lang='lat' dir='ltr'><strong>Uin</strong></span> <span class='ocrx_word' id='word_1_48' title='bbox 249 2159 286 2220; x_wconf 89' lang='lat' dir='ltr'><strong>tu</strong></span> <span class='ocrx_word' id='word_1_49' title='bbox 309 2150 435 2218; x_wconf 77' lang='lat' dir='ltr'><strong>facinus</strong></span> <span class='ocrx_word' id='word_1_50' title='bbox 456 2152 659 2220; x_wconf 90' lang='lat' dir='ltr'><strong>luculentum</strong></span> <span class='ocrx_word' id='word_1_51' title='bbox 682 2154 866 2238; x_wconf 80' lang='lat' dir='ltr'><strong>inspicere?</strong></span> 
     </span>
    </p>
   </div>
   <div class='ocr_carea' id='block_1_9' title="bbox 142 2284 1284 2594">
    <p class='ocr_par' dir='ltr' id='par_1_9' title="bbox 142 2284 1284 2602">
     <span class='ocr_line' id='line_1_17' title="bbox 505 2284 834 2359; baseline 0.009 -12"><span class='ocrx_word' id='word_1_52' title='bbox 505 2307 512 2322; x_wconf 90' lang='lat'><em>·</em></span> <span class='ocrx_word' id='word_1_53' title='bbox 597 2284 834 2359; x_wconf 81' lang='lat' dir='ltr'><strong>‚Peniculus</strong></span> 
     </span>
     <span class='ocr_line' id='line_1_18' title="bbox 703 2389 1284 2478; baseline -0.002 -22"><span class='ocrx_word' id='word_1_54' title='bbox 703 2391 705 2398; x_wconf 80' lang='grc'><em>’</em></span> <span class='ocrx_word' id='word_1_55' title='bbox 871 2391 948 2470; x_wconf 83' lang='lat' dir='ltr'><strong>Quis</strong></span> <span class='ocrx_word' id='word_1_56' title='bbox 970 2391 1005 2456; x_wconf 91' lang='lat' dir='ltr'><strong>id</strong></span> <span class='ocrx_word' id='word_1_57' title='bbox 1028 2393 1115 2457; x_wconf 80' lang='lat' dir='ltr'><strong>coxit</strong></span> <span class='ocrx_word' id='word_1_58' title='bbox 1137 2389 1284 2478; x_wconf 78' lang='lat' dir='ltr'><strong>coquos?</strong></span> 
     </span>
     <span class='ocr_line' id='line_1_19' title="bbox 142 2498 1178 2594; baseline 0.004 -30"><span class='ocrx_word' id='word_1_59' title='bbox 142 2499 232 2566; x_wconf 68' lang='lat' dir='ltr'><strong>dum</strong></span> <span class='ocrx_word' id='word_1_60' title='bbox 256 2501 366 2580; x_wconf 80' lang='lat' dir='ltr'><strong>sciam,</strong></span> <span class='ocrx_word' id='word_1_61' title='bbox 389 2500 416 2565; x_wconf 88' lang='lat' dir='ltr'><strong>si</strong></span> <span class='ocrx_word' id='word_1_62' title='bbox 439 2499 519 2582; x_wconf 89' lang='lat' dir='ltr'><strong>quid</strong></span> <span class='ocrx_word' id='word_1_63' title='bbox 542 2499 762 2580; x_wconf 79' lang='lat' dir='ltr'><strong>titubatumst</strong></span> <span class='ocrx_word' id='word_1_64' title='bbox 785 2500 842 2567; x_wconf 91' lang='lat' dir='ltr'><strong>ubi</strong></span> <span class='ocrx_word' id='word_1_65' title='bbox 864 2498 1020 2583; x_wconf 85' lang='lat' dir='ltr'><strong>reliquias</strong></span> <span class='ocrx_word' id='word_1_66' title='bbox 1042 2500 1178 2594; x_wconf 32' lang='lat' dir='ltr'><strong>uidero..</strong></span> 
     </span>
    </p>
   </div>
   <div class='ocr_carea' id='block_1_10' title="bbox 159 2627 1286 2932">
    <p class='ocr_par' dir='ltr' id='par_1_10' title="bbox 159 2627 1286 2932">
     <span class='ocr_line' id='line_1_20' title="bbox 582 2627 901 2696; baseline 0 0"><span class='ocrx_word' id='word_1_67' title='bbox 582 2631 866 2696; x_wconf 82' lang='lat' dir='ltr'><strong>Menaechmus</strong></span> <span class='ocrx_word' id='word_1_68' title='bbox 895 2627 901 2638; x_wconf 80' lang='grc'><strong>’</strong></span> 
     </span>
     <span class='ocr_line' id='line_1_21' title="bbox 159 2738 1286 2838; baseline 0.006 -35"><span class='ocrx_word' id='word_1_69' title='bbox 159 2739 223 2804; x_wconf 88' lang='lat' dir='ltr'><strong>Dic</strong></span> <span class='ocrx_word' id='word_1_70' title='bbox 234 2738 322 2820; x_wconf 90' lang='lat' dir='ltr'><strong>mihi,</strong></span> <span class='ocrx_word' id='word_1_71' title='bbox 341 2759 378 2804; x_wconf 91' lang='lat' dir='ltr'><strong>en</strong></span> <span class='ocrx_word' id='word_1_72' title='bbox 390 2759 546 2838; x_wconf 80' lang='lat' dir='ltr'><strong>umquem</strong></span> <span class='ocrx_word' id='word_1_73' title='bbox 564 2743 602 2804; x_wconf 88' lang='lat' dir='ltr'><strong>tu</strong></span> <span class='ocrx_word' id='word_1_74' title='bbox 620 2738 732 2804; x_wconf 89' lang='lat' dir='ltr'><strong>uidisti</strong></span> <span class='ocrx_word' id='word_1_75' title='bbox 743 2739 892 2806; x_wconf 76' lang='lat' dir='ltr'><strong>tabulam</strong></span> <span class='ocrx_word' id='word_1_76' title='bbox 903 2739 1026 2823; x_wconf 82' lang='lat' dir='ltr'><strong>pictam</strong></span> <span class='ocrx_word' id='word_1_77' title='bbox 1037 2739 1070 2804; x_wconf 92' lang='lat' dir='ltr'><strong>iu</strong></span> <span class='ocrx_word' id='word_1_78' title='bbox 1082 2739 1217 2822; x_wconf 82' lang='lat' dir='ltr'><strong>pariete,</strong></span> <span class='ocrx_word' id='word_1_79' title='bbox 1238 2757 1286 2810; x_wconf 77' lang='lat'><strong>145</strong></span> 
     </span>
     <span class='ocr_line' id='line_1_22' title="bbox 159 2845 1242 2932; baseline 0 -20"><span class='ocrx_word' id='word_1_80' title='bbox 159 2845 227 2912; x_wconf 90' lang='lat' dir='ltr'><strong>Ubi</strong></span> <span class='ocrx_word' id='word_1_81' title='bbox 250 2846 362 2932; x_wconf 79' lang='lat' dir='ltr'><strong>equile</strong></span> <span class='ocrx_word' id='word_1_82' title='bbox 384 2845 581 2913; x_wconf 83' lang='lat' dir='ltr'><strong>Ostsmitum</strong></span> <span class='ocrx_word' id='word_1_83' title='bbox 604 2854 734 2932; x_wconf 84' lang='lat' dir='ltr'><strong>raperet</strong></span> <span class='ocrx_word' id='word_1_84' title='bbox 757 2854 814 2912; x_wconf 84' lang='lat' dir='ltr'><strong>sut</strong></span> <span class='ocrx_word' id='word_1_85' title='bbox 836 2847 893 2912; x_wconf 88' lang='lat' dir='ltr'><strong>ubi</strong></span> <span class='ocrx_word' id='word_1_86' title='bbox 918 2845 1027 2913; x_wconf 85' lang='lat' dir='ltr'><strong>Uenus</strong></span> <span class='ocrx_word' id='word_1_87' title='bbox 1049 2847 1242 2914; x_wconf 79' lang='lat' dir='ltr'><strong>Adoneum?</strong></span> 
     </span>
    </p>
   </div>
   <div class='ocr_carea' id='block_1_11' title="bbox 160 2976 1284 3492">
    <p class='ocr_par' dir='ltr' id='par_1_11' title="bbox 160 2976 1284 3492">
     <span class='ocr_line' id='line_1_23' title="bbox 612 2976 834 3044; baseline 0.009 -2"><span class='ocrx_word' id='word_1_88' title='bbox 612 2976 834 3044; x_wconf 86' lang='lat' dir='ltr'><strong>Peniculus</strong></span> 
     </span>
     <span class='ocr_line' id='line_1_24' title="bbox 160 3083 1105 3170; baseline -0.002 -20"><span class='ocrx_word' id='word_1_89' title='bbox 160 3083 278 3170; x_wconf 80' lang='lat' dir='ltr'><strong>Saepe.</strong></span> <span class='ocrx_word' id='word_1_90' title='bbox 325 3083 389 3151; x_wconf 88' lang='lat' dir='ltr'><strong>Sed</strong></span> <span class='ocrx_word' id='word_1_91' title='bbox 412 3085 492 3169; x_wconf 91' lang='lat' dir='ltr'><strong>quid</strong></span> <span class='ocrx_word' id='word_1_92' title='bbox 514 3087 599 3151; x_wconf 82' lang='lat' dir='ltr'><strong>istas</strong></span> <span class='ocrx_word' id='word_1_93' title='bbox 622 3088 770 3170; x_wconf 77' lang='lat' dir='ltr'><strong>picturae</strong></span> <span class='ocrx_word' id='word_1_94' title='bbox 793 3087 909 3152; x_wconf 82' lang='lat' dir='ltr'><strong>adme</strong></span> <span class='ocrx_word' id='word_1_95' title='bbox 933 3085 1105 3152; x_wconf 81' lang='lat' dir='ltr'><strong>adtineut?</strong></span> 
     </span>
     <span class='ocr_line' id='line_1_25' title="bbox 480 3181 867 3283; baseline 0.018 -7"><span class='ocrx_word' id='word_1_96' title='bbox 480 3261 486 3276; x_wconf 93' lang='lat'><em>.</em></span> <span class='ocrx_word' id='word_1_97' title='bbox 583 3181 867 3283; x_wconf 84' lang='lat' dir='ltr'><strong>Menaechmus</strong></span> 
     </span>
     <span class='ocr_line' id='line_1_26' title="bbox 965 3298 1284 3386; baseline -0.003 -19"><span class='ocrx_word' id='word_1_98' title='bbox 965 3302 1042 3386; x_wconf 82' lang='lat' dir='ltr'><strong>Age,</strong></span> <span class='ocrx_word' id='word_1_99' title='bbox 1065 3321 1117 3366; x_wconf 91' lang='lat' dir='ltr'><strong>me</strong></span> <span class='ocrx_word' id='word_1_100' title='bbox 1141 3298 1284 3384; x_wconf 79' lang='lat' dir='ltr'><strong>adspice.</strong></span> 
     </span>
     <span class='ocr_line' id='line_1_27' title="bbox 162 3407 674 3492; baseline 0 -19"><span class='ocrx_word' id='word_1_101' title='bbox 162 3407 296 3492; x_wconf 85' lang='lat' dir='ltr'><strong>Ecquid</strong></span> <span class='ocrx_word' id='word_1_102' title='bbox 318 3408 480 3475; x_wconf 79' lang='lat' dir='ltr'><strong>adsimulo</strong></span> <span class='ocrx_word' id='word_1_103' title='bbox 504 3409 674 3474; x_wconf 81' lang='lat' dir='ltr'><strong>similiter?</strong></span> 
     </span>
    </p>
   </div>
   <div class='ocr_carea' id='block_1_12' title="bbox 615 3539 1168 3734">
    <p class='ocr_par' dir='ltr' id='par_1_12' title="bbox 615 3539 1168 3734">
     <span class='ocr_line' id='line_1_28' title="bbox 615 3539 835 3606; baseline 0.009 -2"><span class='ocrx_word' id='word_1_104' title='bbox 615 3539 835 3606; x_wconf 89' lang='lat' dir='ltr'><strong>Peniculus</strong></span> 
     </span>
     <span class='ocr_line' id='line_1_29' title="bbox 716 3647 1168 3734; baseline -0.007 -20"><span class='ocrx_word' id='word_1_105' title='bbox 716 3647 778 3726; x_wconf 81' lang='lat' dir='ltr'><strong>Qui</strong></span> <span class='ocrx_word' id='word_1_106' title='bbox 800 3649 875 3714; x_wconf 89' lang='lat' dir='ltr'><strong>istic</strong></span> <span class='ocrx_word' id='word_1_107' title='bbox 898 3652 1049 3713; x_wconf 84' lang='lat' dir='ltr'><strong>ornetust</strong></span> <span class='ocrx_word' id='word_1_108' title='bbox 1070 3647 1168 3734; x_wconf 78' lang='lat' dir='ltr'><strong>tuus?</strong></span> 
     </span>
    </p>
   </div>
   <div class='ocr_carea' id='block_1_13' title="bbox 164 3779 883 3972">
    <p class='ocr_par' dir='ltr' id='par_1_13' title="bbox 164 3779 883 3972">
     <span class='ocr_line' id='line_1_30' title="bbox 564 3779 867 3875; baseline 0.007 -32"><span class='ocrx_word' id='word_1_109' title='bbox 564 3849 567 3856; x_wconf 21' lang='grc' dir='ltr'>Ι</span> <span class='ocrx_word' id='word_1_110' title='bbox 582 3779 867 3875; x_wconf 73' lang='lat' dir='ltr'><strong>Menaechmus</strong></span> 
     </span>
     <span class='ocr_line' id='line_1_31' title="bbox 164 3886 883 3972; baseline -0.003 -20"><span class='ocrx_word' id='word_1_111' title='bbox 164 3887 226 3952; x_wconf 89' lang='lat' dir='ltr'><strong>Dic</strong></span> <span class='ocrx_word' id='word_1_112' title='bbox 249 3886 413 3953; x_wconf 90' lang='lat' dir='ltr'><strong>hominem</strong></span> <span class='ocrx_word' id='word_1_113' title='bbox 434 3887 683 3972; x_wconf 88' lang='lat' dir='ltr'><strong>lepidissumum</strong></span> <span class='ocrx_word' id='word_1_114' title='bbox 706 3909 779 3953; x_wconf 87' lang='lat' dir='ltr'><strong>esse</strong></span> <span class='ocrx_word' id='word_1_115' title='bbox 801 3889 883 3953; x_wconf 85' lang='lat' dir='ltr'><strong>med.</strong></span> 
     </span>
    </p>
   </div>
   <div class='ocr_carea' id='block_1_14' title="bbox 165 4119 1410 4365">
    <p class='ocr_par' dir='ltr' id='par_1_14' title="bbox 165 4119 1410 4365">
     <span class='ocr_line' id='line_1_32' title="bbox 255 4119 1289 4195; baseline -0.003 -17"><span class='ocrx_word' id='word_1_116' title='bbox 255 4127 303 4180; x_wconf 79' lang='grc'><strong>139</strong></span> <span class='ocrx_word' id='word_1_117' title='bbox 320 4125 496 4195; x_wconf 65' lang='lat' dir='ltr'><strong>oportunitas</strong></span> <span class='ocrx_word' id='word_1_118' title='bbox 557 4127 605 4178; x_wconf 89' lang='grc'><strong>140</strong></span> <span class='ocrx_word' id='word_1_119' title='bbox 623 4125 670 4194; x_wconf 88' lang='lat' dir='ltr'><strong>qui</strong></span> <span class='ocrx_word' id='word_1_120' title='bbox 687 4119 720 4181; x_wconf 80' lang='lat' dir='ltr'><strong>B&#39;</strong></span> <span class='ocrx_word' id='word_1_121' title='bbox 770 4125 869 4180; x_wconf 82' lang='lat' dir='ltr'><strong>dextre</strong></span> <span class='ocrx_word' id='word_1_122' title='bbox 925 4123 1035 4178; x_wconf 81' lang='lat' dir='ltr'><strong>miuio</strong></span> <span class='ocrx_word' id='word_1_123' title='bbox 1096 4125 1141 4192; x_wconf 88' lang='grc'><strong>141</strong></span> <span class='ocrx_word' id='word_1_124' title='bbox 1162 4139 1244 4191; x_wconf 87' lang='lat' dir='ltr'><strong>quem</strong></span> <span class='ocrx_word' id='word_1_125' title='bbox 1263 4122 1289 4175; x_wconf 89' lang='lat' dir='ltr'><em>B</em></span> 
     </span>
     <span class='ocr_line' id='line_1_33' title="bbox 166 4206 1410 4281; baseline -0.002 -18"><span class='ocrx_word' id='word_1_126' title='bbox 166 4211 216 4264; x_wconf 80' lang='grc'><strong>143</strong></span> <span class='ocrx_word' id='word_1_127' title='bbox 235 4227 340 4279; x_wconf 77' lang='lat' dir='ltr'><strong>queens</strong></span> <span class='ocrx_word' id='word_1_128' title='bbox 416 4213 464 4265; x_wconf 75' lang='grc'><strong>145</strong></span> <span class='ocrx_word' id='word_1_129' title='bbox 488 4209 557 4264; x_wconf 91' lang='lat' dir='ltr'><strong>mihi</strong></span> <span class='ocrx_word' id='word_1_130' title='bbox 574 4227 699 4279; x_wconf 81' lang='lat' dir='ltr'><strong>numque</strong></span> <span class='ocrx_word' id='word_1_131' title='bbox 778 4213 826 4265; x_wconf 82' lang='grc'><strong>146</strong></span> <span class='ocrx_word' id='word_1_132' title='bbox 844 4209 966 4281; x_wconf 70' lang='lat' dir='ltr'><strong>squlso</strong></span> <span class='ocrx_word' id='word_1_133' title='bbox 1038 4208 1156 4265; x_wconf 79' lang='lat' dir='ltr'><strong>cctcmei</strong></span> <span class='ocrx_word' id='word_1_134' title='bbox 1174 4212 1234 4262; x_wconf 85' lang='lat' dir='ltr'><strong>tum</strong></span> <span class='ocrx_word' id='word_1_135' title='bbox 1253 4206 1288 4276; x_wconf 89' lang='lat' dir='ltr'><strong>B,</strong></span> <span class='ocrx_word' id='word_1_136' title='bbox 1407 4241 1410 4248; x_wconf 89' lang='lat'>·</span> 
     </span>
     <span class='ocr_line' id='line_1_34' title="bbox 165 4295 1123 4365; baseline -0.001 -15"><span class='ocrx_word' id='word_1_137' title='bbox 165 4301 228 4350; x_wconf 85' lang='lat' dir='ltr'><strong>este</strong></span> <span class='ocrx_word' id='word_1_138' title='bbox 250 4296 306 4350; x_wconf 81' lang='lat' dir='ltr'><strong>mei</strong></span> <span class='ocrx_word' id='word_1_139' title='bbox 324 4300 384 4350; x_wconf 89' lang='lat' dir='ltr'><strong>tum</strong></span> <span class='ocrx_word' id='word_1_140' title='bbox 404 4295 426 4350; x_wconf 80' lang='lat'><em>0</em></span> <span class='ocrx_word' id='word_1_141' title='bbox 495 4297 543 4350; x_wconf 83' lang='grc'><strong>148</strong></span> <span class='ocrx_word' id='word_1_142' title='bbox 561 4295 654 4365; x_wconf 86' lang='lat' dir='ltr'><strong>Equid</strong></span> <span class='ocrx_word' id='word_1_143' title='bbox 671 4295 698 4350; x_wconf 90' lang='lat' dir='ltr'><em>B</em></span> <span class='ocrx_word' id='word_1_144' title='bbox 767 4301 810 4350; x_wconf 85' lang='lat' dir='ltr'><strong>est</strong></span> <span class='ocrx_word' id='word_1_145' title='bbox 828 4301 940 4350; x_wconf 78' lang='lat' dir='ltr'><strong>ornatus</strong></span> <span class='ocrx_word' id='word_1_146' title='bbox 980 4297 1123 4350; x_wconf 78' lang='lat' dir='ltr'><strong>··149me</strong></span> 
     </span>
    </p>
   </div>
   <div class='ocr_carea' id='block_1_15' title="bbox 0 0 1531 5022">
    <p class='ocr_par' dir='ltr' id='par_1_15' title="bbox 0 0 1531 5022">
     <span class='ocr_line' id='line_1_35' title="bbox 0 0 1531 5022; baseline 0 0"><span class='ocrx_word' id='word_1_147' title='bbox 0 0 1531 5022; x_wconf 95' lang='lat' dir='ltr'><strong> </strong></span> 
     </span>
    </p>
   </div>
  </div>
 </body>
</html>
