<?xml version="1.0" encoding="UTF-8"?>
<!DOCTYPE html PUBLIC "-//W3C//DTD XHTML 1.0 Transitional//EN"
    "http://www.w3.org/TR/xhtml1/DTD/xhtml1-transitional.dtd">
<html xmlns="http://www.w3.org/1999/xhtml" xml:lang="en" lang="en">
 <head>
  <title>
</title>
<meta http-equiv="Content-Type" content="text/html;charset=utf-8" />
  <meta name='ocr-system' content='tesseract 3.04.00' />
  <meta name='ocr-capabilities' content='ocr_page ocr_carea ocr_par ocr_line ocrx_word'/>
</head>
<body>
  <div class='ocr_page' id='page_1' title='image "./tmacciiplautico03ussigoog_0491.png"; bbox 0 0 2970 5006; ppageno 0'>
   <div class='ocr_carea' id='block_1_1' title="bbox 265 329 887 408">
    <p class='ocr_par' dir='ltr' id='par_1_1' title="bbox 265 329 887 408">
     <span class='ocr_line' id='line_1_1' title="bbox 265 329 887 408; baseline -0.013 -20"><span class='ocrx_word' id='word_1_1' title='bbox 265 333 342 408; x_wconf 63' lang='lat'><strong>268,</strong></span> <span class='ocrx_word' id='word_1_2' title='bbox 748 329 887 398; x_wconf 83' lang='lat' dir='ltr'><strong>Epidicus.</strong></span> 
     </span>
    </p>
   </div>
   <div class='ocr_carea' id='block_1_2' title="bbox 262 520 1380 684">
    <p class='ocr_par' dir='ltr' id='par_1_2' title="bbox 262 520 1380 684">
     <span class='ocr_line' id='line_1_2' title="bbox 262 520 1380 596; baseline 0.001 -17"><span class='ocrx_word' id='word_1_3' title='bbox 262 520 367 580; x_wconf 82' lang='lat' dir='ltr'><strong>Pseud.</strong></span> <span class='ocrx_word' id='word_1_4' title='bbox 392 523 462 581; x_wconf 80' lang='lat'>453.</span> <span class='ocrx_word' id='word_1_5' title='bbox 497 523 560 582; x_wconf 89' lang='lat' dir='ltr'><strong>Mil.</strong></span> <span class='ocrx_word' id='word_1_6' title='bbox 587 525 675 582; x_wconf 84' lang='grc'>1073.</span> <span class='ocrx_word' id='word_1_7' title='bbox 718 525 808 584; x_wconf 90' lang='lat' dir='ltr'><strong>Poeu.</strong></span> <span class='ocrx_word' id='word_1_8' title='bbox 833 525 904 584; x_wconf 86' lang='grc'>397.</span> <span class='ocrx_word' id='word_1_9' title='bbox 928 555 969 566; x_wconf 93' lang='grc'>-</span> <span class='ocrx_word' id='word_1_10' title='bbox 999 528 1069 586; x_wconf 89' lang='grc'>320.</span> <span class='ocrx_word' id='word_1_11' title='bbox 1099 521 1269 596; x_wconf 77' lang='lat' dir='ltr'><strong>damnoso,</strong></span> <span class='ocrx_word' id='word_1_12' title='bbox 1294 545 1321 580; x_wconf 85' lang='lat' dir='ltr'><strong>r.</strong></span> <span class='ocrx_word' id='word_1_13' title='bbox 1344 523 1380 582; x_wconf 86' lang='lat' dir='ltr'><strong>ad</strong></span> 
     </span>
     <span class='ocr_line' id='line_1_3' title="bbox 262 623 1315 684; baseline 0.004 -3"><span class='ocrx_word' id='word_1_14' title='bbox 262 623 345 682; x_wconf 84' lang='lat' dir='ltr'><strong>Cure.</strong></span> <span class='ocrx_word' id='word_1_15' title='bbox 370 626 441 684; x_wconf 84' lang='grc'>471.</span> <span class='ocrx_word' id='word_1_16' title='bbox 1009 655 1015 670; x_wconf 87' lang='grc'>·</span> <span class='ocrx_word' id='word_1_17' title='bbox 1307 639 1315 662; x_wconf 84' lang='grc'>·</span> 
     </span>
    </p>
   </div>
   <div class='ocr_carea' id='block_1_3' title="bbox 264 931 1380 1623">
    <p class='ocr_par' dir='ltr' id='par_1_3' title="bbox 264 931 1380 1623">
     <span class='ocr_line' id='line_1_4' title="bbox 350 931 1380 1012; baseline 0.011 -26"><span class='ocrx_word' id='word_1_18' title='bbox 350 931 525 990; x_wconf 71' lang='lat' dir='ltr'><strong>eal-334.</strong></span> <span class='ocrx_word' id='word_1_19' title='bbox 545 934 777 1011; x_wconf 70' lang='lat' dir='ltr'><strong>canticumque</strong></span> <span class='ocrx_word' id='word_1_20' title='bbox 797 937 1005 1012; x_wconf 87' lang='lat' dir='ltr'><strong>colloquuntur</strong></span> <span class='ocrx_word' id='word_1_21' title='bbox 1020 935 1234 1008; x_wconf 87' lang='lat' dir='ltr'><strong>adulescentes,</strong></span> <span class='ocrx_word' id='word_1_22' title='bbox 1255 937 1380 1010; x_wconf 73' lang='lat' dir='ltr'><strong>creticis.</strong></span> 
     </span>
     <span class='ocr_line' id='line_1_5' title="bbox 264 1031 1380 1114; baseline 0.005 -26"><span class='ocrx_word' id='word_1_23' title='bbox 264 1031 422 1090; x_wconf 75' lang='lat' dir='ltr'><strong>trochaicis</strong></span> <span class='ocrx_word' id='word_1_24' title='bbox 454 1034 645 1114; x_wconf 85' lang='lat' dir='ltr'><strong>iambicisque</strong></span> <span class='ocrx_word' id='word_1_25' title='bbox 677 1039 807 1096; x_wconf 85' lang='lat' dir='ltr'><strong>numeris</strong></span> <span class='ocrx_word' id='word_1_26' title='bbox 840 1040 1034 1114; x_wconf 85' lang='lat' dir='ltr'><strong>compositum</strong></span> <span class='ocrx_word' id='word_1_27' title='bbox 1068 1045 1128 1110; x_wconf 88' lang='lat' dir='ltr'><strong>est;</strong></span> <span class='ocrx_word' id='word_1_28' title='bbox 1168 1039 1317 1096; x_wconf 89' lang='grc'>321-23</span> <span class='ocrx_word' id='word_1_29' title='bbox 1340 1043 1380 1094; x_wconf 80' lang='lat' dir='ltr'><strong>te</strong></span> 
     </span>
     <span class='ocr_line' id='line_1_6' title="bbox 265 1115 1380 1208; baseline 0.005 -19"><span class='ocrx_word' id='word_1_30' title='bbox 265 1137 403 1191; x_wconf 88' lang='lat' dir='ltr'><strong>trametri</strong></span> <span class='ocrx_word' id='word_1_31' title='bbox 416 1137 524 1208; x_wconf 86' lang='lat' dir='ltr'><strong>cretici,</strong></span> <span class='ocrx_word' id='word_1_32' title='bbox 550 1141 609 1195; x_wconf 83' lang='lat'><strong>324</strong></span> <span class='ocrx_word' id='word_1_33' title='bbox 628 1147 743 1198; x_wconf 88' lang='lat' dir='ltr'><strong>constat</strong></span> <span class='ocrx_word' id='word_1_34' title='bbox 761 1161 797 1199; x_wconf 87' lang='lat' dir='ltr'><strong>ex</strong></span> <span class='ocrx_word' id='word_1_35' title='bbox 815 1140 928 1198; x_wconf 89' lang='lat' dir='ltr'><strong>duobus</strong></span> <span class='ocrx_word' id='word_1_36' title='bbox 947 1115 1064 1198; x_wconf 80' lang='lat' dir='ltr'><strong>creticis</strong></span> <span class='ocrx_word' id='word_1_37' title='bbox 1083 1147 1113 1198; x_wconf 90' lang='lat' dir='ltr'><strong>et</strong></span> <span class='ocrx_word' id='word_1_38' title='bbox 1130 1141 1247 1198; x_wconf 86' lang='lat' dir='ltr'><strong>duobus</strong></span> <span class='ocrx_word' id='word_1_39' title='bbox 1267 1139 1380 1197; x_wconf 83' lang='lat' dir='ltr'><strong>iambis.</strong></span> 
     </span>
     <span class='ocr_line' id='line_1_7' title="bbox 266 1237 1379 1318; baseline 0.005 -24"><span class='ocrx_word' id='word_1_40' title='bbox 266 1238 410 1294; x_wconf 84' lang='grc'>325-27</span> <span class='ocrx_word' id='word_1_41' title='bbox 435 1237 759 1318; x_wconf 86' lang='lat' dir='ltr'><strong>trochaici&#39;septeuarii,</strong></span> <span class='ocrx_word' id='word_1_42' title='bbox 780 1244 839 1301; x_wconf 89' lang='grc'><strong>328</strong></span> <span class='ocrx_word' id='word_1_43' title='bbox 857 1249 918 1300; x_wconf 86' lang='lat' dir='ltr'><strong>tres</strong></span> <span class='ocrx_word' id='word_1_44' title='bbox 936 1244 1035 1300; x_wconf 79' lang='lat' dir='ltr'><strong>cretici</strong></span> <span class='ocrx_word' id='word_1_45' title='bbox 1048 1263 1113 1301; x_wconf 88' lang='lat' dir='ltr'><strong>cum</strong></span> <span class='ocrx_word' id='word_1_46' title='bbox 1125 1244 1222 1302; x_wconf 90' lang='lat' dir='ltr'><strong>tribus</strong></span> <span class='ocrx_word' id='word_1_47' title='bbox 1234 1243 1379 1312; x_wconf 76' lang='lat' dir='ltr'><strong>trochaeis,</strong></span> 
     </span>
     <span class='ocr_line' id='line_1_8' title="bbox 266 1341 1380 1417; baseline 0.005 -21"><span class='ocrx_word' id='word_1_48' title='bbox 266 1341 326 1396; x_wconf 89' lang='grc'><strong>329</strong></span> <span class='ocrx_word' id='word_1_49' title='bbox 350 1342 519 1398; x_wconf 85' lang='lat' dir='ltr'><strong>octonarius</strong></span> <span class='ocrx_word' id='word_1_50' title='bbox 542 1343 725 1415; x_wconf 74' lang='lat' dir='ltr'><strong>trochaicus,</strong></span> <span class='ocrx_word' id='word_1_51' title='bbox 761 1345 821 1403; x_wconf 87' lang='lat'><strong>330</strong></span> <span class='ocrx_word' id='word_1_52' title='bbox 845 1345 966 1417; x_wconf 91' lang='lat' dir='ltr'><strong>dubius,</strong></span> <span class='ocrx_word' id='word_1_53' title='bbox 1002 1347 1058 1402; x_wconf 88' lang='lat'><strong>331</strong></span> <span class='ocrx_word' id='word_1_54' title='bbox 1086 1346 1174 1404; x_wconf 91' lang='lat' dir='ltr'><strong>iamb.</strong></span> <span class='ocrx_word' id='word_1_55' title='bbox 1199 1347 1380 1415; x_wconf 82' lang='lat' dir='ltr'><strong>octonarius,</strong></span> 
     </span>
     <span class='ocr_line' id='line_1_9' title="bbox 267 1443 1380 1523; baseline 0.004 -25"><span class='ocrx_word' id='word_1_56' title='bbox 267 1443 327 1500; x_wconf 92' lang='grc'><strong>332</strong></span> <span class='ocrx_word' id='word_1_57' title='bbox 349 1443 436 1502; x_wconf 89' lang='lat' dir='ltr'><strong>iamb.</strong></span> <span class='ocrx_word' id='word_1_58' title='bbox 461 1445 669 1520; x_wconf 63' lang='lat' dir='ltr'><strong>septenarius?</strong></span> <span class='ocrx_word' id='word_1_59' title='bbox 695 1449 754 1506; x_wconf 92' lang='grc'><strong>333</strong></span> <span class='ocrx_word' id='word_1_60' title='bbox 779 1455 896 1506; x_wconf 87' lang='lat' dir='ltr'><strong>constat</strong></span> <span class='ocrx_word' id='word_1_61' title='bbox 919 1448 1070 1506; x_wconf 86' lang='lat' dir='ltr'><strong>extribus</strong></span> <span class='ocrx_word' id='word_1_62' title='bbox 1093 1448 1198 1506; x_wconf 88' lang='lat' dir='ltr'><strong>iambis</strong></span> <span class='ocrx_word' id='word_1_63' title='bbox 1217 1443 1261 1523; x_wconf 78' lang='grc'><strong>(3)</strong></span> <span class='ocrx_word' id='word_1_64' title='bbox 1286 1453 1315 1506; x_wconf 87' lang='lat' dir='ltr'><strong>et</strong></span> <span class='ocrx_word' id='word_1_65' title='bbox 1338 1448 1380 1504; x_wconf 88' lang='lat' dir='ltr'><strong>di·</strong></span> 
     </span>
     <span class='ocr_line' id='line_1_10' title="bbox 265 1533 1379 1623; baseline 0.004 -21"><span class='ocrx_word' id='word_1_66' title='bbox 265 1550 358 1602; x_wconf 88' lang='lat' dir='ltr'><strong>metro</strong></span> <span class='ocrx_word' id='word_1_67' title='bbox 388 1545 524 1606; x_wconf 85' lang='lat' dir='ltr'><strong>iambico.</strong></span> <span class='ocrx_word' id='word_1_68' title='bbox 577 1549 636 1606; x_wconf 80' lang='lat'><strong>334</strong></span> <span class='ocrx_word' id='word_1_69' title='bbox 672 1549 759 1608; x_wconf 75' lang='lat' dir='ltr'><strong>iasub.</strong></span> <span class='ocrx_word' id='word_1_70' title='bbox 790 1533 970 1623; x_wconf 83' lang='lat' dir='ltr'><strong>octonarius,</strong></span> <span class='ocrx_word' id='word_1_71' title='bbox 1007 1553 1066 1610; x_wconf 85' lang='grc'><strong>335</strong></span> <span class='ocrx_word' id='word_1_72' title='bbox 1095 1555 1212 1609; x_wconf 87' lang='lat' dir='ltr'><strong>tetram.</strong></span> <span class='ocrx_word' id='word_1_73' title='bbox 1247 1553 1379 1620; x_wconf 84' lang='lat' dir='ltr'><strong>creticus,</strong></span> 
     </span>
    </p>
   </div>
   <div class='ocr_carea' id='block_1_4' title="bbox 265 1648 1380 1830">
    <p class='ocr_par' dir='ltr' id='par_1_4' title="bbox 265 1648 1380 1830">
     <span class='ocr_line' id='line_1_11' title="bbox 267 1648 1380 1730; baseline 0.005 -26"><span class='ocrx_word' id='word_1_74' title='bbox 267 1649 326 1704; x_wconf 89' lang='grc'><strong>336</strong></span> <span class='ocrx_word' id='word_1_75' title='bbox 355 1648 445 1706; x_wconf 87' lang='lat' dir='ltr'><strong>iamb.</strong></span> <span class='ocrx_word' id='word_1_76' title='bbox 468 1655 660 1726; x_wconf 74' lang='lat' dir='ltr'><strong>septenarius.</strong></span> <span class='ocrx_word' id='word_1_77' title='bbox 717 1653 825 1712; x_wconf 84' lang='lat' dir='ltr'><strong>Versus</strong></span> <span class='ocrx_word' id='word_1_78' title='bbox 855 1659 966 1730; x_wconf 81' lang='lat' dir='ltr'><strong>praeter</strong></span> <span class='ocrx_word' id='word_1_79' title='bbox 995 1654 1124 1728; x_wconf 91' lang='lat' dir='ltr'><strong>quinque</strong></span> <span class='ocrx_word' id='word_1_80' title='bbox 1152 1655 1266 1728; x_wconf 88' lang='lat' dir='ltr'><strong>primos</strong></span> <span class='ocrx_word' id='word_1_81' title='bbox 1293 1675 1329 1711; x_wconf 84' lang='lat' dir='ltr'><strong>ex</strong></span> <span class='ocrx_word' id='word_1_82' title='bbox 1356 1652 1380 1710; x_wconf 91' lang='lat' dir='ltr'><strong>B</strong></span> 
     </span>
     <span class='ocr_line' id='line_1_12' title="bbox 265 1749 501 1830; baseline 0.025 -25"><span class='ocrx_word' id='word_1_83' title='bbox 265 1757 295 1806; x_wconf 89' lang='lat' dir='ltr'><strong>et</strong></span> <span class='ocrx_word' id='word_1_84' title='bbox 317 1751 330 1807; x_wconf 93' lang='lat' dir='ltr'>I</span> <span class='ocrx_word' id='word_1_85' title='bbox 353 1749 501 1830; x_wconf 85' lang='lat' dir='ltr'><strong>discripsi.</strong></span> 
     </span>
    </p>
   </div>
   <div class='ocr_carea' id='block_1_5' title="bbox 353 1853 1460 1944">
    <p class='ocr_par' dir='ltr' id='par_1_5' title="bbox 353 1853 1460 1944">
     <span class='ocr_line' id='line_1_13' title="bbox 353 1853 1460 1944; baseline 0.004 -34"><span class='ocrx_word' id='word_1_86' title='bbox 353 1855 422 1912; x_wconf 89' lang='grc'>321.</span> <span class='ocrx_word' id='word_1_87' title='bbox 447 1853 668 1932; x_wconf 63' lang='lat' dir='ltr'><strong>accederetque</strong></span> <span class='ocrx_word' id='word_1_88' title='bbox 685 1859 852 1932; x_wconf 75' lang='lat' dir='ltr'><strong>exenteror,</strong></span> <span class='ocrx_word' id='word_1_89' title='bbox 876 1877 1031 1916; x_wconf 84' lang='lat' dir='ltr'><strong>consumor</strong></span> <span class='ocrx_word' id='word_1_90' title='bbox 1055 1863 1084 1915; x_wconf 91' lang='lat' dir='ltr'><strong>et</strong></span> <span class='ocrx_word' id='word_1_91' title='bbox 1100 1877 1249 1929; x_wconf 89' lang='lat' dir='ltr'><strong>macaror;</strong></span> <span class='ocrx_word' id='word_1_92' title='bbox 1275 1877 1380 1932; x_wconf 83' lang='lat' dir='ltr'><strong>„exen-</strong></span> <span class='ocrx_word' id='word_1_93' title='bbox 1459 1887 1460 1944; x_wconf 48' lang='lat'><strong>,</strong></span> 
     </span>
    </p>
   </div>
   <div class='ocr_carea' id='block_1_6' title="bbox 211 1955 1382 2756">
    <p class='ocr_par' dir='ltr' id='par_1_6' title="bbox 211 1955 1382 2756">
     <span class='ocr_line' id='line_1_14' title="bbox 266 1955 1380 2036; baseline 0.006 -25"><span class='ocrx_word' id='word_1_94' title='bbox 266 1955 361 2012; x_wconf 84' lang='lat' dir='ltr'><strong>terat“</strong></span> <span class='ocrx_word' id='word_1_95' title='bbox 388 1958 486 2016; x_wconf 88' lang='lat' dir='ltr'><strong>eadem</strong></span> <span class='ocrx_word' id='word_1_96' title='bbox 510 1959 726 2036; x_wconf 84' lang='lat' dir='ltr'><strong>significatione</strong></span> <span class='ocrx_word' id='word_1_97' title='bbox 751 1961 865 2020; x_wconf 83' lang='lat' dir='ltr'><strong>Lucilio</strong></span> <span class='ocrx_word' id='word_1_98' title='bbox 889 1957 965 2036; x_wconf 84' lang='lat' dir='ltr'><strong>(XV,</strong></span> <span class='ocrx_word' id='word_1_99' title='bbox 979 1961 1013 2018; x_wconf 82' lang='lat' dir='ltr'><strong>fr.</strong></span> <span class='ocrx_word' id='word_1_100' title='bbox 1031 1955 1081 2034; x_wconf 90' lang='grc'><strong>16)</strong></span> <span class='ocrx_word' id='word_1_101' title='bbox 1104 1961 1236 2018; x_wconf 81' lang='lat' dir='ltr'><strong>restituit</strong></span> <span class='ocrx_word' id='word_1_102' title='bbox 1253 1955 1380 2036; x_wconf 80' lang='lat' dir='ltr'><strong>Eysseu&#39;-</strong></span> 
     </span>
     <span class='ocr_line' id='line_1_15' title="bbox 266 2056 1379 2122; baseline 0.004 -7"><span class='ocrx_word' id='word_1_103' title='bbox 266 2057 362 2118; x_wconf 87' lang='lat' dir='ltr'><strong>hardt.</strong></span> <span class='ocrx_word' id='word_1_104' title='bbox 378 2091 418 2100; x_wconf 89' lang='lat'><strong>—-</strong></span> <span class='ocrx_word' id='word_1_105' title='bbox 436 2063 505 2120; x_wconf 84' lang='lat'>322.</span> <span class='ocrx_word' id='word_1_106' title='bbox 530 2064 663 2122; x_wconf 78' lang='lat' dir='ltr'><strong>euenerat</strong></span> <span class='ocrx_word' id='word_1_107' title='bbox 680 2064 765 2122; x_wconf 85' lang='lat' dir='ltr'><strong>Both.</strong></span> <span class='ocrx_word' id='word_1_108' title='bbox 779 2071 812 2122; x_wconf 93' lang='grc' dir='ltr'><strong>ιιι</strong></span> <span class='ocrx_word' id='word_1_109' title='bbox 826 2067 896 2122; x_wconf 88' lang='grc'>291.</span> <span class='ocrx_word' id='word_1_110' title='bbox 912 2095 949 2102; x_wconf 85' lang='grc'><strong>-</strong></span> <span class='ocrx_word' id='word_1_111' title='bbox 970 2065 1039 2122; x_wconf 87' lang='grc'>323.</span> <span class='ocrx_word' id='word_1_112' title='bbox 1065 2056 1153 2120; x_wconf 78' lang='lat' dir='ltr'><strong>Sitne</strong></span> <span class='ocrx_word' id='word_1_113' title='bbox 1170 2062 1237 2121; x_wconf 90' lang='lat' dir='ltr'><strong>edd.</strong></span> <span class='ocrx_word' id='word_1_114' title='bbox 1250 2093 1293 2102; x_wconf 93' lang='grc'><strong>-</strong></span> <span class='ocrx_word' id='word_1_115' title='bbox 1311 2065 1379 2120; x_wconf 84' lang='grc'>324.</span> 
     </span>
     <span class='ocr_line' id='line_1_16' title="bbox 270 2155 1379 2242; baseline 0.012 -24"><span class='ocrx_word' id='word_1_116' title='bbox 270 2155 353 2233; x_wconf 82' lang='lat' dir='ltr'><strong>„Per</strong></span> <span class='ocrx_word' id='word_1_117' title='bbox 377 2159 462 2222; x_wconf 79' lang='lat' dir='ltr'><strong>illem</strong></span> <span class='ocrx_word' id='word_1_118' title='bbox 486 2163 614 2242; x_wconf 74' lang='lat' dir='ltr'><strong>capiam,</strong></span> <span class='ocrx_word' id='word_1_119' title='bbox 643 2172 676 2225; x_wconf 88' lang='lat' dir='ltr'><strong>ut</strong></span> <span class='ocrx_word' id='word_1_120' title='bbox 700 2167 794 2226; x_wconf 84' lang='lat' dir='ltr'><strong>Graeci</strong></span> <span class='ocrx_word' id='word_1_121' title='bbox 818 2167 934 2238; x_wconf 87' lang='lat' dir='ltr'><strong>dicunt,</strong></span> <span class='ocrx_word' id='word_1_122' title='bbox 964 2165 1038 2222; x_wconf 65' lang='lat' dir='ltr'><strong>tiene</strong></span> <span class='ocrx_word' id='word_1_123' title='bbox 1061 2168 1224 2236; x_wconf 66' lang='lat' dir='ltr'><strong>traieceris</strong></span> <span class='ocrx_word' id='word_1_124' title='bbox 1247 2165 1379 2241; x_wconf 61' lang='grc' dir='ltr'><strong>Ε’πορίας-</strong></span> 
     </span>
     <span class='ocr_line' id='line_1_17' title="bbox 211 2265 1380 2345; baseline 0 -21"><span class='ocrx_word' id='word_1_125' title='bbox 211 2300 215 2306; x_wconf 91' lang='grc'>-</span> <span class='ocrx_word' id='word_1_126' title='bbox 266 2265 333 2324; x_wconf 86' lang='grc' dir='ltr'>Νοιι</span> <span class='ocrx_word' id='word_1_127' title='bbox 357 2267 446 2324; x_wconf 87' lang='lat' dir='ltr'><strong>debet</strong></span> <span class='ocrx_word' id='word_1_128' title='bbox 468 2268 524 2325; x_wconf 89' lang='lat' dir='ltr'><strong>tibi</strong></span> <span class='ocrx_word' id='word_1_129' title='bbox 545 2275 631 2327; x_wconf 88' lang='lat' dir='ltr'><strong>tauta</strong></span> <span class='ocrx_word' id='word_1_130' title='bbox 651 2272 681 2328; x_wconf 89' lang='lat' dir='ltr'><strong>in</strong></span> <span class='ocrx_word' id='word_1_131' title='bbox 705 2269 831 2345; x_wconf 86' lang='lat' dir='ltr'><strong>Epidico</strong></span> <span class='ocrx_word' id='word_1_132' title='bbox 854 2289 918 2326; x_wconf 87' lang='lat' dir='ltr'><strong>esse</strong></span> <span class='ocrx_word' id='word_1_133' title='bbox 941 2271 1031 2344; x_wconf 82' lang='lat' dir='ltr'><strong>copiae</strong></span> <span class='ocrx_word' id='word_1_134' title='bbox 1055 2288 1135 2345; x_wconf 89' lang='lat' dir='ltr'><strong>spes,</strong></span> <span class='ocrx_word' id='word_1_135' title='bbox 1160 2275 1193 2325; x_wconf 92' lang='lat' dir='ltr'><strong>ut</strong></span> <span class='ocrx_word' id='word_1_136' title='bbox 1216 2267 1304 2326; x_wconf 91' lang='lat' dir='ltr'><strong>aliam</strong></span> <span class='ocrx_word' id='word_1_137' title='bbox 1328 2269 1380 2326; x_wconf 91' lang='lat' dir='ltr'><strong>tibi</strong></span> 
     </span>
     <span class='ocr_line' id='line_1_18' title="bbox 267 2367 1379 2448; baseline 0 -22"><span class='ocrx_word' id='word_1_138' title='bbox 267 2372 383 2446; x_wconf 88' lang='lat' dir='ltr'><strong>copiam</strong></span> <span class='ocrx_word' id='word_1_139' title='bbox 411 2391 517 2446; x_wconf 80' lang='lat' dir='ltr'><strong>parare</strong></span> <span class='ocrx_word' id='word_1_140' title='bbox 546 2369 707 2448; x_wconf 82' lang='lat' dir='ltr'><strong>negligas.“</strong></span> <span class='ocrx_word' id='word_1_141' title='bbox 733 2373 852 2443; x_wconf 85' lang='lat' dir='ltr'><strong>Lamb.;</strong></span> <span class='ocrx_word' id='word_1_142' title='bbox 888 2373 923 2430; x_wconf 80' lang='lat' dir='ltr'><strong>cf.</strong></span> <span class='ocrx_word' id='word_1_143' title='bbox 952 2373 1025 2429; x_wconf 81' lang='lat'>338:</span> <span class='ocrx_word' id='word_1_144' title='bbox 1060 2390 1130 2448; x_wconf 85' lang='lat' dir='ltr'><strong>,per</strong></span> <span class='ocrx_word' id='word_1_145' title='bbox 1152 2369 1228 2426; x_wconf 89' lang='lat' dir='ltr'><strong>hauc</strong></span> <span class='ocrx_word' id='word_1_146' title='bbox 1251 2367 1379 2428; x_wconf 81' lang='lat' dir='ltr'><strong>curam“.</strong></span> 
     </span>
     <span class='ocr_line' id='line_1_19' title="bbox 267 2473 1381 2546; baseline -0.002 -16"><span class='ocrx_word' id='word_1_147' title='bbox 267 2473 357 2532; x_wconf 91' lang='lat' dir='ltr'><strong>Stich.</strong></span> <span class='ocrx_word' id='word_1_148' title='bbox 378 2475 454 2532; x_wconf 79' lang='lat' dir='ltr'><strong>tlt:</strong></span> <span class='ocrx_word' id='word_1_149' title='bbox 482 2474 557 2546; x_wconf 82' lang='lat' dir='ltr'><strong>„Per</strong></span> <span class='ocrx_word' id='word_1_150' title='bbox 579 2475 654 2532; x_wconf 88' lang='lat' dir='ltr'><strong>hauc</strong></span> <span class='ocrx_word' id='word_1_151' title='bbox 676 2475 732 2532; x_wconf 90' lang='lat' dir='ltr'><strong>tibi</strong></span> <span class='ocrx_word' id='word_1_152' title='bbox 755 2495 858 2532; x_wconf 88' lang='lat' dir='ltr'><strong>cenam</strong></span> <span class='ocrx_word' id='word_1_153' title='bbox 881 2477 1016 2532; x_wconf 86' lang='lat' dir='ltr'><strong>incenato</strong></span> <span class='ocrx_word' id='word_1_154' title='bbox 1039 2493 1101 2530; x_wconf 89' lang='lat' dir='ltr'><strong>esse</strong></span> <span class='ocrx_word' id='word_1_155' title='bbox 1123 2473 1223 2530; x_wconf 86' lang='lat' dir='ltr'><strong>licct“.</strong></span> <span class='ocrx_word' id='word_1_156' title='bbox 1259 2473 1381 2531; x_wconf 79' lang='lat' dir='ltr'><strong>OodB:</strong></span> 
     </span>
     <span class='ocr_line' id='line_1_20' title="bbox 271 2571 1379 2653; baseline 0 -21"><span class='ocrx_word' id='word_1_157' title='bbox 271 2575 341 2647; x_wconf 86' lang='lat' dir='ltr'><strong>„tibi</strong></span> <span class='ocrx_word' id='word_1_158' title='bbox 355 2575 468 2651; x_wconf 87' lang='lat' dir='ltr'><strong>copiam</strong></span> <span class='ocrx_word' id='word_1_159' title='bbox 481 2579 592 2652; x_wconf 84' lang='lat' dir='ltr'><strong>copiam</strong></span> <span class='ocrx_word' id='word_1_160' title='bbox 606 2577 661 2634; x_wconf 92' lang='lat' dir='ltr'><strong>tibi</strong></span> <span class='ocrx_word' id='word_1_161' title='bbox 672 2575 797 2653; x_wconf 88' lang='lat' dir='ltr'><strong>parare“</strong></span> <span class='ocrx_word' id='word_1_162' title='bbox 813 2573 869 2653; x_wconf 86' lang='lat' dir='ltr'><strong>(sio</strong></span> <span class='ocrx_word' id='word_1_163' title='bbox 881 2571 1099 2647; x_wconf 86' lang='lat' dir='ltr'><strong>emendatum);</strong></span> <span class='ocrx_word' id='word_1_164' title='bbox 1122 2575 1275 2632; x_wconf 88' lang='lat' dir='ltr'><strong>Ialterum</strong></span> <span class='ocrx_word' id='word_1_165' title='bbox 1293 2576 1379 2647; x_wconf 68' lang='lat' dir='ltr'><strong>,tibr&#39;</strong></span> 
     </span>
     <span class='ocr_line' id='line_1_21' title="bbox 268 2675 1382 2756; baseline 0.001 -22"><span class='ocrx_word' id='word_1_166' title='bbox 268 2697 339 2749; x_wconf 83' lang='lat' dir='ltr'><strong>om,</strong></span> <span class='ocrx_word' id='word_1_167' title='bbox 363 2678 439 2735; x_wconf 89' lang='lat' dir='ltr'><strong>uude</strong></span> <span class='ocrx_word' id='word_1_168' title='bbox 458 2677 559 2736; x_wconf 86' lang='lat' dir='ltr'><strong>Goetz.</strong></span> <span class='ocrx_word' id='word_1_169' title='bbox 579 2680 711 2737; x_wconf 83' lang='lat' dir='ltr'><strong>Analect.</strong></span> <span class='ocrx_word' id='word_1_170' title='bbox 729 2700 758 2756; x_wconf 90' lang='lat' dir='ltr'><strong>p.</strong></span> <span class='ocrx_word' id='word_1_171' title='bbox 773 2683 828 2738; x_wconf 81' lang='lat'><strong>77:</strong></span> <span class='ocrx_word' id='word_1_172' title='bbox 856 2679 930 2754; x_wconf 81' lang='lat' dir='ltr'><strong>„tibi</strong></span> <span class='ocrx_word' id='word_1_173' title='bbox 954 2681 1068 2753; x_wconf 88' lang='lat' dir='ltr'><strong>copiam</strong></span> <span class='ocrx_word' id='word_1_174' title='bbox 1092 2675 1306 2752; x_wconf 78' lang='lat' dir='ltr'><strong>Comparare“,</strong></span> <span class='ocrx_word' id='word_1_175' title='bbox 1328 2697 1382 2754; x_wconf 74' lang='lat' dir='ltr'><strong>ego</strong></span> 
     </span>
    </p>
   </div>
   <div class='ocr_carea' id='block_1_7' title="bbox 269 2775 1461 2858">
    <p class='ocr_par' dir='ltr' id='par_1_7' title="bbox 269 2775 1461 2858">
     <span class='ocr_line' id='line_1_22' title="bbox 269 2775 1461 2858; baseline -0.002 -20"><span class='ocrx_word' id='word_1_176' title='bbox 269 2782 358 2838; x_wconf 86' lang='lat' dir='ltr'><strong>malui</strong></span> <span class='ocrx_word' id='word_1_177' title='bbox 376 2781 449 2838; x_wconf 87' lang='lat' dir='ltr'><strong>duas</strong></span> <span class='ocrx_word' id='word_1_178' title='bbox 468 2781 580 2858; x_wconf 90' lang='lat' dir='ltr'><strong>primas</strong></span> <span class='ocrx_word' id='word_1_179' title='bbox 598 2801 683 2840; x_wconf 89' lang='lat' dir='ltr'><strong>voces</strong></span> <span class='ocrx_word' id='word_1_180' title='bbox 702 2782 811 2853; x_wconf 85' lang='lat' dir='ltr'><strong>delere,</strong></span> <span class='ocrx_word' id='word_1_181' title='bbox 831 2783 865 2840; x_wconf 85' lang='lat' dir='ltr'><strong>of.</strong></span> <span class='ocrx_word' id='word_1_182' title='bbox 881 2783 950 2840; x_wconf 79' lang='grc'>343.</span> <span class='ocrx_word' id='word_1_183' title='bbox 964 2811 1004 2820; x_wconf 89' lang='grc'>-</span> <span class='ocrx_word' id='word_1_184' title='bbox 1018 2781 1088 2838; x_wconf 88' lang='grc'>326.</span> <span class='ocrx_word' id='word_1_185' title='bbox 1112 2775 1227 2852; x_wconf 71' lang='lat' dir='ltr'><strong>oppido</strong></span> <span class='ocrx_word' id='word_1_186' title='bbox 1244 2779 1382 2839; x_wconf 76' lang='lat' dir='ltr'><strong>Goetzius</strong></span> <span class='ocrx_word' id='word_1_187' title='bbox 1460 2785 1461 2828; x_wconf 73' lang='grc' dir='ltr'>ἶ</span> 
     </span>
    </p>
   </div>
   <div class='ocr_carea' id='block_1_8' title="bbox 240 2880 1381 4290">
    <p class='ocr_par' dir='ltr' id='par_1_8' title="bbox 240 2880 1381 4290">
     <span class='ocr_line' id='line_1_23' title="bbox 269 2880 1380 2958; baseline -0.002 -16"><span class='ocrx_word' id='word_1_188' title='bbox 269 2882 391 2942; x_wconf 89' lang='lat' dir='ltr'><strong>addidit.</strong></span> <span class='ocrx_word' id='word_1_189' title='bbox 409 2913 451 2922; x_wconf 90' lang='lat'><strong>--</strong></span> <span class='ocrx_word' id='word_1_190' title='bbox 475 2885 534 2941; x_wconf 78' lang='grc'><strong>327</strong></span> <span class='ocrx_word' id='word_1_191' title='bbox 559 2885 738 2944; x_wconf 88' lang='lat' dir='ltr'><strong>trochaicum</strong></span> <span class='ocrx_word' id='word_1_192' title='bbox 757 2885 897 2942; x_wconf 87' lang='lat' dir='ltr'><strong>constitui</strong></span> <span class='ocrx_word' id='word_1_193' title='bbox 915 2903 979 2942; x_wconf 92' lang='lat' dir='ltr'><strong>cum</strong></span> <span class='ocrx_word' id='word_1_194' title='bbox 998 2883 1138 2952; x_wconf 87' lang='lat' dir='ltr'><strong>Miillero,</strong></span> <span class='ocrx_word' id='word_1_195' title='bbox 1162 2880 1246 2939; x_wconf 88' lang='lat' dir='ltr'><strong>Pros.</strong></span> <span class='ocrx_word' id='word_1_196' title='bbox 1264 2903 1295 2958; x_wconf 93' lang='lat' dir='ltr'><strong>p.</strong></span> <span class='ocrx_word' id='word_1_197' title='bbox 1316 2885 1380 2952; x_wconf 65' lang='lat'><strong>331,</strong></span> 
     </span>
     <span class='ocr_line' id='line_1_24' title="bbox 269 2981 1380 3062; baseline -0.001 -19"><span class='ocrx_word' id='word_1_198' title='bbox 269 2991 303 3043; x_wconf 89' lang='lat' dir='ltr'><strong>ut</strong></span> <span class='ocrx_word' id='word_1_199' title='bbox 318 2985 501 3062; x_wconf 84' lang='lat' dir='ltr'><strong>„prendero“</strong></span> <span class='ocrx_word' id='word_1_200' title='bbox 517 2987 641 3059; x_wconf 83' lang='lat' dir='ltr'><strong>legatur.</strong></span> <span class='ocrx_word' id='word_1_201' title='bbox 675 2981 751 3046; x_wconf 73' lang='lat' dir='ltr'><strong>Asi</strong></span> <span class='ocrx_word' id='word_1_202' title='bbox 762 2990 792 3045; x_wconf 89' lang='lat' dir='ltr'><strong>in</strong></span> <span class='ocrx_word' id='word_1_203' title='bbox 806 2986 890 3045; x_wconf 87' lang='lat' dir='ltr'><strong>codd.</strong></span> <span class='ocrx_word' id='word_1_204' title='bbox 899 2985 1109 3062; x_wconf 86' lang='lat' dir='ltr'><strong>Stratippoclis</strong></span> <span class='ocrx_word' id='word_1_205' title='bbox 1121 2984 1212 3051; x_wconf 78' lang='lat' dir='ltr'><strong>verba</strong></span> <span class='ocrx_word' id='word_1_206' title='bbox 1224 2985 1380 3062; x_wconf 85' lang='lat' dir='ltr'><strong>incipiuut;</strong></span> 
     </span>
     <span class='ocr_line' id='line_1_25' title="bbox 269 3075 1381 3162; baseline 0.002 -17"><span class='ocrx_word' id='word_1_207' title='bbox 269 3103 369 3146; x_wconf 81' lang='lat' dir='ltr'><strong>verum</strong></span> <span class='ocrx_word' id='word_1_208' title='bbox 393 3091 417 3146; x_wconf 90' lang='lat' dir='ltr'><strong>is</strong></span> <span class='ocrx_word' id='word_1_209' title='bbox 440 3108 497 3147; x_wconf 89' lang='grc' dir='ltr'>ιιοιι</span> <span class='ocrx_word' id='word_1_210' title='bbox 518 3075 577 3147; x_wconf 66' lang='lat' dir='ltr'><strong>&#39;taos</strong></span> <span class='ocrx_word' id='word_1_211' title='bbox 599 3085 737 3147; x_wconf 62' lang='lat' dir='ltr'><strong>inridere</strong></span> <span class='ocrx_word' id='word_1_212' title='bbox 764 3088 897 3158; x_wconf 79' lang='lat' dir='ltr'><strong>dixisset,</strong></span> <span class='ocrx_word' id='word_1_213' title='bbox 926 3087 975 3146; x_wconf 88' lang='lat' dir='ltr'><strong>sed</strong></span> <span class='ocrx_word' id='word_1_214' title='bbox 1008 3084 1102 3162; x_wconf 78' lang='lat' dir='ltr'><strong>„me“.</strong></span> <span class='ocrx_word' id='word_1_215' title='bbox 1123 3115 1164 3124; x_wconf 95' lang='lat'>-</span> <span class='ocrx_word' id='word_1_216' title='bbox 1189 3087 1260 3145; x_wconf 90' lang='grc'>329.</span> <span class='ocrx_word' id='word_1_217' title='bbox 1284 3081 1381 3160; x_wconf 78' lang='lat' dir='ltr'><strong>facere</strong></span> 
     </span>
     <span class='ocr_line' id='line_1_26' title="bbox 268 3185 1379 3267; baseline -0.004 -18"><span class='ocrx_word' id='word_1_218' title='bbox 268 3211 323 3267; x_wconf 84' lang='lat' dir='ltr'><strong>pro</strong></span> <span class='ocrx_word' id='word_1_219' title='bbox 355 3187 469 3263; x_wconf 86' lang='lat' dir='ltr'><strong>,ferre“</strong></span> <span class='ocrx_word' id='word_1_220' title='bbox 501 3192 572 3250; x_wconf 91' lang='lat' dir='ltr'><strong>olim</strong></span> <span class='ocrx_word' id='word_1_221' title='bbox 606 3191 802 3249; x_wconf 89' lang='lat' dir='ltr'><strong>emendatum.</strong></span> <span class='ocrx_word' id='word_1_222' title='bbox 837 3221 878 3229; x_wconf 97' lang='lat'>—</span> <span class='ocrx_word' id='word_1_223' title='bbox 911 3186 966 3248; x_wconf 75' lang='lat' dir='ltr'><strong>tibi</strong></span> <span class='ocrx_word' id='word_1_224' title='bbox 995 3185 1067 3266; x_wconf 78' lang='lat' dir='ltr'><strong>quei</strong></span> <span class='ocrx_word' id='word_1_225' title='bbox 1093 3208 1148 3266; x_wconf 90' lang='lat' dir='ltr'><strong>per</strong></span> <span class='ocrx_word' id='word_1_226' title='bbox 1176 3192 1379 3247; x_wconf 82' lang='lat' dir='ltr'><strong>attractionem</strong></span> 
     </span>
     <span class='ocr_line' id='line_1_27' title="bbox 269 3291 1379 3366; baseline -0.004 -16"><span class='ocrx_word' id='word_1_227' title='bbox 269 3293 385 3366; x_wconf 88' lang='lat' dir='ltr'><strong>dicitur,</strong></span> <span class='ocrx_word' id='word_1_228' title='bbox 414 3312 441 3352; x_wconf 81' lang='lat' dir='ltr'><strong>v.</strong></span> <span class='ocrx_word' id='word_1_229' title='bbox 465 3293 503 3352; x_wconf 89' lang='lat' dir='ltr'><strong>sd</strong></span> <span class='ocrx_word' id='word_1_230' title='bbox 525 3293 592 3353; x_wconf 80' lang='lat' dir='ltr'><strong>Aul.</strong></span> <span class='ocrx_word' id='word_1_231' title='bbox 619 3297 693 3365; x_wconf 79' lang='lat'><strong>5663</strong></span> <span class='ocrx_word' id='word_1_232' title='bbox 728 3313 782 3350; x_wconf 89' lang='lat' dir='ltr'><strong>nec</strong></span> <span class='ocrx_word' id='word_1_233' title='bbox 805 3313 870 3352; x_wconf 87' lang='lat' dir='ltr'><strong>cum</strong></span> <span class='ocrx_word' id='word_1_234' title='bbox 894 3293 999 3352; x_wconf 87' lang='lat' dir='ltr'><strong>Guieto</strong></span> <span class='ocrx_word' id='word_1_235' title='bbox 1026 3292 1097 3364; x_wconf 83' lang='lat' dir='ltr'><strong>„tibi</strong></span> <span class='ocrx_word' id='word_1_236' title='bbox 1121 3291 1230 3366; x_wconf 86' lang='lat' dir='ltr'><strong>quom“</strong></span> <span class='ocrx_word' id='word_1_237' title='bbox 1256 3291 1379 3348; x_wconf 89' lang='lat' dir='ltr'><strong>scribere</strong></span> 
     </span>
     <span class='ocr_line' id='line_1_28' title="bbox 269 3391 1379 3474; baseline -0.002 -22"><span class='ocrx_word' id='word_1_238' title='bbox 269 3396 371 3467; x_wconf 85' lang='lat' dir='ltr'><strong>audeo,</strong></span> <span class='ocrx_word' id='word_1_239' title='bbox 392 3397 524 3472; x_wconf 88' lang='lat' dir='ltr'><strong>quamvis</strong></span> <span class='ocrx_word' id='word_1_240' title='bbox 546 3401 614 3472; x_wconf 88' lang='lat' dir='ltr'><strong>post</strong></span> <span class='ocrx_word' id='word_1_241' title='bbox 637 3391 690 3471; x_wconf 79' lang='lat' dir='ltr'><strong>qui</strong></span> <span class='ocrx_word' id='word_1_242' title='bbox 713 3395 785 3453; x_wconf 89' lang='lat' dir='ltr'><strong>dure</strong></span> <span class='ocrx_word' id='word_1_243' title='bbox 809 3396 932 3454; x_wconf 89' lang='lat' dir='ltr'><strong>dicatur.</strong></span> <span class='ocrx_word' id='word_1_244' title='bbox 977 3393 1055 3452; x_wconf 90' lang='lat' dir='ltr'><strong>Illud</strong></span> <span class='ocrx_word' id='word_1_245' title='bbox 1074 3399 1210 3474; x_wconf 86' lang='lat' dir='ltr'><strong>apparet,</strong></span> <span class='ocrx_word' id='word_1_246' title='bbox 1235 3400 1304 3470; x_wconf 89' lang='lat' dir='ltr'><strong>post</strong></span> <span class='ocrx_word' id='word_1_247' title='bbox 1325 3393 1379 3450; x_wconf 79' lang='lat' dir='ltr'><strong>hec</strong></span> 
     </span>
     <span class='ocr_line' id='line_1_29' title="bbox 274 3493 1378 3578; baseline -0.004 -23"><span class='ocrx_word' id='word_1_248' title='bbox 274 3495 338 3570; x_wconf 86' lang='lat' dir='ltr'><strong>„Is“</strong></span> <span class='ocrx_word' id='word_1_249' title='bbox 354 3499 382 3556; x_wconf 90' lang='lat' dir='ltr'><strong>in</strong></span> <span class='ocrx_word' id='word_1_250' title='bbox 395 3499 542 3578; x_wconf 83' lang='lat' dir='ltr'><strong>principio</strong></span> <span class='ocrx_word' id='word_1_251' title='bbox 554 3499 681 3573; x_wconf 87' lang='lat' dir='ltr'><strong>proximi</strong></span> <span class='ocrx_word' id='word_1_252' title='bbox 694 3518 795 3557; x_wconf 88' lang='lat' dir='ltr'><strong>versus</strong></span> <span class='ocrx_word' id='word_1_253' title='bbox 812 3501 883 3575; x_wconf 88' lang='lat' dir='ltr'><strong>poni</strong></span> <span class='ocrx_word' id='word_1_254' title='bbox 901 3517 961 3556; x_wconf 88' lang='lat' dir='ltr'><strong>non</strong></span> <span class='ocrx_word' id='word_1_255' title='bbox 977 3517 1072 3576; x_wconf 88' lang='lat' dir='ltr'><strong>posse.</strong></span> <span class='ocrx_word' id='word_1_256' title='bbox 1112 3493 1214 3553; x_wconf 85' lang='lat' dir='ltr'><strong>Goetz.</strong></span> <span class='ocrx_word' id='word_1_257' title='bbox 1227 3501 1378 3572; x_wconf 87' lang='lat' dir='ltr'><strong>utrumque</strong></span> 
     </span>
     <span class='ocr_line' id='line_1_30' title="bbox 269 3597 1377 3674; baseline -0.005 -17"><span class='ocrx_word' id='word_1_258' title='bbox 269 3619 384 3658; x_wconf 84' lang='lat' dir='ltr'><strong>versum</strong></span> <span class='ocrx_word' id='word_1_259' title='bbox 406 3599 564 3659; x_wconf 89' lang='lat' dir='ltr'><strong>iambicum</strong></span> <span class='ocrx_word' id='word_1_260' title='bbox 587 3601 770 3658; x_wconf 84' lang='lat' dir='ltr'><strong>octonarium</strong></span> <span class='ocrx_word' id='word_1_261' title='bbox 793 3602 918 3672; x_wconf 88' lang='lat' dir='ltr'><strong>faciens,</strong></span> <span class='ocrx_word' id='word_1_262' title='bbox 948 3599 1079 3674; x_wconf 90' lang='lat' dir='ltr'><strong>scripsit:</strong></span> <span class='ocrx_word' id='word_1_263' title='bbox 1118 3599 1201 3673; x_wconf 86' lang='lat' dir='ltr'><strong>„qui,</strong></span> <span class='ocrx_word' id='word_1_264' title='bbox 1231 3597 1289 3654; x_wconf 88' lang='lat' dir='ltr'><strong>tibi</strong></span> <span class='ocrx_word' id='word_1_265' title='bbox 1316 3597 1377 3674; x_wconf 88' lang='lat' dir='ltr'><strong>quoi</strong></span> 
     </span>
     <span class='ocr_line' id='line_1_31' title="bbox 270 3695 1376 3776; baseline -0.005 -17"><span class='ocrx_word' id='word_1_266' title='bbox 270 3702 391 3761; x_wconf 87' lang='lat' dir='ltr'><strong>diuitiae</strong></span> <span class='ocrx_word' id='word_1_267' title='bbox 413 3709 481 3760; x_wconf 89' lang='lat' dir='ltr'><strong>suut</strong></span> <span class='ocrx_word' id='word_1_268' title='bbox 503 3723 664 3776; x_wconf 87' lang='lat' dir='ltr'><strong>maxumae,</strong></span> <span class='ocrx_word' id='word_1_269' title='bbox 688 3704 740 3760; x_wconf 82' lang='lat' dir='ltr'><strong>Ais</strong></span> <span class='ocrx_word' id='word_1_270' title='bbox 764 3721 914 3761; x_wconf 89' lang='lat' dir='ltr'><strong>nummum</strong></span> <span class='ocrx_word' id='word_1_271' title='bbox 933 3701 1045 3760; x_wconf 85' lang='lat' dir='ltr'><strong>nullum</strong></span> <span class='ocrx_word' id='word_1_272' title='bbox 1064 3695 1204 3758; x_wconf 80' lang='lat' dir='ltr'><strong>habere“.</strong></span> <span class='ocrx_word' id='word_1_273' title='bbox 1253 3698 1312 3758; x_wconf 90' lang='lat' dir='ltr'><strong>Sed</strong></span> <span class='ocrx_word' id='word_1_274' title='bbox 1332 3719 1376 3756; x_wconf 88' lang='lat' dir='ltr'><strong>nec</strong></span> 
     </span>
     <span class='ocr_line' id='line_1_32' title="bbox 240 3799 1375 3882; baseline -0.004 -20"><span class='ocrx_word' id='word_1_275' title='bbox 240 3871 245 3882; x_wconf 40' lang='grc' dir='ltr'>Ι</span> <span class='ocrx_word' id='word_1_276' title='bbox 269 3799 363 3862; x_wconf 75' lang='lat' dir='ltr'><strong>iaabes</strong></span> <span class='ocrx_word' id='word_1_277' title='bbox 387 3807 572 3880; x_wconf 83' lang='lat' dir='ltr'><strong>mutaverim,</strong></span> <span class='ocrx_word' id='word_1_278' title='bbox 603 3825 656 3864; x_wconf 90' lang='lat' dir='ltr'><strong>uec</strong></span> <span class='ocrx_word' id='word_1_279' title='bbox 680 3801 763 3864; x_wconf 73' lang='lat' dir='ltr'><strong>domi</strong></span> <span class='ocrx_word' id='word_1_280' title='bbox 785 3805 884 3863; x_wconf 88' lang='lat' dir='ltr'><strong>omitti</strong></span> <span class='ocrx_word' id='word_1_281' title='bbox 907 3803 1002 3862; x_wconf 86' lang='lat' dir='ltr'><strong>debet.</strong></span> <span class='ocrx_word' id='word_1_282' title='bbox 1057 3801 1117 3860; x_wconf 81' lang='lat' dir='ltr'><strong>Pro</strong></span> <span class='ocrx_word' id='word_1_283' title='bbox 1137 3809 1284 3878; x_wconf 88' lang='lat' dir='ltr'><strong>corrupto</strong></span> <span class='ocrx_word' id='word_1_284' title='bbox 1306 3805 1375 3877; x_wconf 87' lang='lat' dir='ltr'><strong>priu-</strong></span> 
     </span>
     <span class='ocr_line' id='line_1_33' title="bbox 270 3901 1374 3984; baseline -0.006 -20"><span class='ocrx_word' id='word_1_285' title='bbox 270 3908 346 3983; x_wconf 89' lang='lat' dir='ltr'><strong>cipio</strong></span> <span class='ocrx_word' id='word_1_286' title='bbox 370 3909 489 3966; x_wconf 89' lang='lat' dir='ltr'><strong>secundi</strong></span> <span class='ocrx_word' id='word_1_287' title='bbox 516 3927 619 3965; x_wconf 81' lang='lat' dir='ltr'><strong>versus</strong></span> <span class='ocrx_word' id='word_1_288' title='bbox 646 3907 795 3984; x_wconf 89' lang='lat' dir='ltr'><strong>posuerim</strong></span> <span class='ocrx_word' id='word_1_289' title='bbox 825 3915 876 3964; x_wconf 87' lang='lat' dir='ltr'><strong>aut</strong></span> <span class='ocrx_word' id='word_1_290' title='bbox 909 3903 1049 3978; x_wconf 88' lang='lat' dir='ltr'><strong>„Subito“</strong></span> <span class='ocrx_word' id='word_1_291' title='bbox 1075 3909 1127 3962; x_wconf 89' lang='lat' dir='ltr'><strong>aut</strong></span> <span class='ocrx_word' id='word_1_292' title='bbox 1151 3901 1308 3977; x_wconf 83' lang='lat' dir='ltr'><strong>„Miseris“</strong></span> <span class='ocrx_word' id='word_1_293' title='bbox 1332 3909 1374 3959; x_wconf 89' lang='lat' dir='ltr'><strong>eut</strong></span> 
     </span>
     <span class='ocr_line' id='line_1_34' title="bbox 275 4005 1374 4084; baseline -0.004 -18"><span class='ocrx_word' id='word_1_294' title='bbox 275 4007 432 4080; x_wconf 86' lang='lat' dir='ltr'><strong>,Amicis“.</strong></span> <span class='ocrx_word' id='word_1_295' title='bbox 456 4039 497 4048; x_wconf 89' lang='lat'><em>-</em></span> <span class='ocrx_word' id='word_1_296' title='bbox 528 4011 597 4067; x_wconf 90' lang='grc'>331.</span> <span class='ocrx_word' id='word_1_297' title='bbox 635 4007 784 4084; x_wconf 83' lang='lat' dir='ltr'><strong>„aliquid“</strong></span> <span class='ocrx_word' id='word_1_298' title='bbox 810 4009 922 4066; x_wconf 87' lang='lat' dir='ltr'><strong>nullum</strong></span> <span class='ocrx_word' id='word_1_299' title='bbox 945 4007 1068 4066; x_wconf 83' lang='lat' dir='ltr'><strong>verbum</strong></span> <span class='ocrx_word' id='word_1_300' title='bbox 1092 4005 1195 4076; x_wconf 89' lang='lat' dir='ltr'><strong>habet,</strong></span> <span class='ocrx_word' id='word_1_301' title='bbox 1226 4025 1286 4081; x_wconf 92' lang='lat' dir='ltr'><strong>quo</strong></span> <span class='ocrx_word' id='word_1_302' title='bbox 1310 4005 1352 4062; x_wconf 87' lang='lat' dir='ltr'><strong>ref</strong></span> <span class='ocrx_word' id='word_1_303' title='bbox 1365 4035 1374 4046; x_wconf 96' lang='lat'><em>·</em></span> 
     </span>
     <span class='ocr_line' id='line_1_35' title="bbox 272 4105 1373 4186; baseline -0.005 -20"><span class='ocrx_word' id='word_1_304' title='bbox 272 4115 369 4183; x_wconf 87' lang='lat' dir='ltr'><strong>ratur;</strong></span> <span class='ocrx_word' id='word_1_305' title='bbox 400 4105 566 4186; x_wconf 73' lang='lat' dir='ltr'><strong>aliquando</strong></span> <span class='ocrx_word' id='word_1_306' title='bbox 588 4110 706 4168; x_wconf 74' lang='lat' dir='ltr'><strong>Mulier.</strong></span> <span class='ocrx_word' id='word_1_307' title='bbox 732 4130 786 4170; x_wconf 90' lang='lat' dir='ltr'><strong>em.</strong></span> <span class='ocrx_word' id='word_1_308' title='bbox 813 4141 849 4150; x_wconf 90' lang='lat'><em>-</em></span> <span class='ocrx_word' id='word_1_309' title='bbox 883 4113 953 4168; x_wconf 86' lang='lat'><strong>332.</strong></span> <span class='ocrx_word' id='word_1_310' title='bbox 983 4109 1136 4167; x_wconf 77' lang='lat' dir='ltr'><strong>Acidalius</strong></span> <span class='ocrx_word' id='word_1_311' title='bbox 1158 4127 1263 4166; x_wconf 86' lang='lat' dir='ltr'><strong>versus</strong></span> <span class='ocrx_word' id='word_1_312' title='bbox 1283 4127 1373 4164; x_wconf 86' lang='lat' dir='ltr'><strong>cause:</strong></span> 
     </span>
     <span class='ocr_line' id='line_1_36' title="bbox 275 4205 1373 4290; baseline -0.002 -23"><span class='ocrx_word' id='word_1_313' title='bbox 275 4231 403 4284; x_wconf 86' lang='lat' dir='ltr'><strong>„mecum</strong></span> <span class='ocrx_word' id='word_1_314' title='bbox 421 4205 571 4272; x_wconf 83' lang='lat' dir='ltr'><strong>fortuuam</strong></span> <span class='ocrx_word' id='word_1_315' title='bbox 588 4207 687 4284; x_wconf 84' lang='lat' dir='ltr'><strong>fore“;</strong></span> <span class='ocrx_word' id='word_1_316' title='bbox 710 4211 761 4270; x_wconf 89' lang='lat' dir='ltr'><strong>sed</strong></span> <span class='ocrx_word' id='word_1_317' title='bbox 779 4213 905 4271; x_wconf 75' lang='lat' dir='ltr'><strong>fortune</strong></span> <span class='ocrx_word' id='word_1_318' title='bbox 923 4213 1005 4270; x_wconf 91' lang='lat' dir='ltr'><strong>uotio</strong></span> <span class='ocrx_word' id='word_1_319' title='bbox 1024 4229 1131 4288; x_wconf 89' lang='lat' dir='ltr'><strong>auceps</strong></span> <span class='ocrx_word' id='word_1_320' title='bbox 1149 4215 1201 4283; x_wconf 87' lang='lat' dir='ltr'><strong>est,</strong></span> <span class='ocrx_word' id='word_1_321' title='bbox 1221 4229 1255 4267; x_wconf 88' lang='lat' dir='ltr'><strong>ac</strong></span> <span class='ocrx_word' id='word_1_322' title='bbox 1268 4227 1373 4290; x_wconf 80' lang='lat' dir='ltr'><strong>necesse</strong></span> 
     </span>
    </p>
   </div>
   <div class='ocr_carea' id='block_1_9' title="bbox 0 0 1490 5006">
    <p class='ocr_par' dir='ltr' id='par_1_9' title="bbox 0 0 1490 5006">
     <span class='ocr_line' id='line_1_37' title="bbox 0 0 1490 5006; baseline 0 0"><span class='ocrx_word' id='word_1_323' title='bbox 0 0 1490 5006; x_wconf 95' lang='lat' dir='ltr'><strong> </strong></span> 
     </span>
    </p>
   </div>
  </div>
 </body>
</html>
