2982 5014
285 373 347 433 402
759 365 933 422 ideuoechnri.

1462 454 1463 502 l

286 563 464 622 Bdchelerc=
504 559 636 634 ,llicet“,
664 581 722 638 quo
753 559 831 638 apud
855 559 993 620 Plautum
1021 561 1092 618 irati
1124 565 1154 618 at
1186 559 1395 638 indignabundi

286 667 419 725 hominen
442 667 575 723 utuntur.
593 691 635 704 -
659 663 728 721 223.
757 655 849 723 Coeia
870 665 959 736 aaul3
983 664 1072 722 immo
1095 683 1131 721 ne
1153 669 1254 738 empta
1276 664 1398 740 quidem,

286 768 338 828 aad
361 786 470 844 coquna
492 766 675 828 celeritatem
698 783 780 823 auam
804 765 931 839 gloriose
953 767 1062 839 iactnt3
1086 765 1122 824 cf.
1141 765 1248 824 Pseud.
1263 767 1324 825 894
1341 786 1398 842 aq.:

290 873 387 944 ,intro
410 869 457 927 abi
475 871 505 926 e't
523 887 626 926 cenam
644 885 737 944 coque
755 867 897 944 Propere.
932 865 1092 939 COQUOS.
1126 867 1204 938 Quin
1222 873 1255 926 tu
1275 871 1300 927 ia
1318 869 1399 926 adcu-
1463 860 1464 912 l

287 969 401 1031 bitum?
445 969 593 1030 Conuiuae
615 969 702 1040 cadc;
732 971 932 1047 corrumpitur
953 972 1012 1028 iam
1037 967 1139 1029 cena“.
1162 997 1203 1010 -
1233 971 1305 1042 Quae
1328 969 1402 1028 inB

288 1081 419 1133 extremo
442 1074 540 1132 versui
562 1071 713 1130 adduntur
736 1071 837 1130 eodem
861 1079 1027 1132 atramento
1050 1074 1173 1150 scripta,
1208 1075 1239 1130 iu
1263 1071 1285 1130 C
1309 1079 1400 1130 autern

287 1179 402 1250 integro
430 1193 518 1235 varen
548 1173 732 1246 scribuntur,
767 1175 872 1232 titulua
901 1181 946 1232 eat
973 1177 1116 1252 proximae
1145 1193 1250 1233 menae.
1308 1169 1404 1233 Taciti

287 1285 356 1338 suut
378 1277 456 1336 cervi
478 1275 661 1348 Menaechmi,
686 1277 736 1353 qui
759 1275 833 1334 nihil
858 1275 968 1336 dicunt.
1012 1279 1220 1354 Antiquiorem
1243 1297 1309 1336 esca
1332 1278 1403 1335 hanc

287 1401 373 1460 quam
397 1381 590 1439 rubricatori!
613 1397 740 1450 manum,
770 1377 856 1436 facile
879 1380 1018 1454 concedo,
1047 1380 1099 1438 aed
1121 1383 1298 1439 constantim
1317 1399 1402 1438 cauea

287 1485 373 1544 huius
405 1483 526 1540 titulum
558 1480 685 1540 reddidi.
741 1479 775 1538 Iu
809 1481 865 1539 hoc
899 1483 1109 1560 antem‘qnod
1139 1483 1290 1542 Messenio
1318 1503 1402 1541 aeuex

287 1591 419 1658 vocatur,
444 1603 528 1643 error
550 1591 604 1655 eat,
629 1603 654 1641 r.
679 1603 769 1659 supra
790 1603 819 1660 p.
846 1585 915 1642 384.

372 1894 442 1950 224.
476 1893 638 1968 Postquam
672 1891 810 1950 abierunt
843 1912 954 1970 coquus
988 1894 1025 1951 ad
1059 1892 1229 1963 macellum,
1265 1895 1401 1952 meretrix

287 1994 414 2065 domurn,
439 1992 559 2052 advenit
581 1993 777 2053 Menaechmus
801 1995 876 2052 alter
898 2014 994 2071 nuper
1017 1996 1142 2073 appulsa
1167 1997 1236 2053 navi
1260 2015 1400 2054 unacum

286 2097 474 2156 Meaaeuione
497 2097 664 2172 ceterisque
687 2099 779 2154 eervis
809 2089 848 2172 (v.
875 2099 944 2156 345.
970 2099 1041 2156 425.
1066 2090 1151 2172 434).
1175 2127 1219 2138 -
1254 2091 1402 2172 Uolupiae

286 2193 376 2258 nulla
404 2199 452 2257 est
473 2199 515 2272 A,
554 2201 641 2271 ,item
673 2205 815 2276 quattuor
845 2217 947 2257 verane
975 2201 1088 2276 primos
1118 2200 1245 2258 afferens
1268 2199 1400 2258 Placidus

286 2301 459 2360 Lactantius
476 2303 506 2359 in
523 2300 598 2360 Stat.
612 2299 703 2358 Theb.
717 2300 754 2372 11,
778 2297 867 2372 194“‚
886 2301 921 2363 R.
939 2333 981 2342 -
1001 2303 1070 2360 225.
1090 2297 1239 2378 quoniam
1255 2301 1328 2359 ferri
1346 2321 1400 2360 nou

194 2476 205 2496 s
255 2407 395 2480 potest,
418 2400 542 2480 quando
561 2401 698 2462 Placidus
717 2422 812 2481 nuper
829 2404 976 2477 laudatus,
1000 2403 1117 2474 Lamb.;
1144 2425 1253 2480 ,quam
1277 2405 1399 2481 aliquam

286 2501 393 2581 qucm“
420 2505 537 2564 Muller.
560 2505 679 2564 Nachtr.
703 2524 732 2580 p.
761 2509 830 2578 128,
856 2527 962 2583 „quam
986 2509 1011 2566 ai
1035 2502 1140 2584 quaur“
1166 2503 1240 2564 Bu’
1265 2535 1302 2546 —
1335 2507 1398 2564 226.

290 2601 426 2678 „Maian
446 2627 485 2666 ec.
499 2613 596 2666 tamen
614 2615 658 2666 eat
674 2607 841 2686 voluptaa“,
856 2610 904 2670 Br.
917 2641 958 2651 -
971 2625 1034 2668 non
1051 2605 1150 2669 dicam
1168 2604 1249 2680 dola,
1274 2611 1310 2667 cf.
1323 2608 1396 2666 Trin.
1467 2607 1468 2610 ’

287 2713 336 2770 90.
361 2711 431 2768 480.
477 2711 575 2768 Madv,
594 2709 644 2768 Gr.
662 2709 728 2770 Lat.
749 2714 807 2770 257
828 2719 888 2770 not.
911 2713 938 2770 2.
984 2711 1106 2770 Servum
1124 2729 1181 2768 non
1201 2713 1293 2769 meria
1312 2711 1397 2768 colum

285 2812 387 2885 taedet,
411 2813 463 2871 aed
479 2815 598 2874 omuino
617 2812 875 2890 peregrinationis.
899 2843 941 2854 -
966 2816 1036 2873 227.
1064 2807 1193 2885 ,Quam“
1217 2813 1274 2872 del.
1292 2813 1398 2872 Acidal.

286 2945 329 2958 ·-
357 2909 457 2989 suerii
483 2935 542 2974 uon
571 2915 647 2976 male
670 2915 781 2973 dicitur
803 2915 839 2972 ab
862 2935 911 2989 eo,
946 2919 997 2992 qni
1020 2923 1080 2974 tam
1103 2915 1155 2972 diu
1177 2917 1276 2994 patria
1300 2915 1397 2976 caruit.

291 3048 328 3058 -
359 3020 430 3077 229.
461 3017 537 3075 Num
560 3017 685 3076 Plautus
707 3017 904 3094 Epidamnum
927 3018 1053 3076 insulam
1075 3019 1240 3095 putaverit,
1270 3038 1330 3076 uon
1352 3016 1396 3073 de·

287 3139 391 3190 carno;
415 3119 490 3178 illud
514 3119 601 3178 dicit:
625 3127 659 3178 ut
680 3139 761 3179 mare
785 3139 885 3178 omuea
903 3121 1014 3178 insulae
1032 3120 1195 3178 circumdat
1212 3127 1242 3179 et
1260 3121 1395 3179 circumit.

286 3225 330 3278 itu
358 3242 411 3280 noe
440 3241 540 3280 omnea
569 3223 667 3281 urbes.
701 3253 743 3263 -
780 3223 850 3280 231.
885 3217 983 3297 Nam,
1020 3241 1046 3282 v.
1072 3222 1110 3281 ad
1137 3223 1243 3300 Amph.
1271 3225 1340 3282 548.
1361 3249 1396 3260 -·

288 3339 450 3401 quaerere,
486 3325 636 3400 quaerendi
665 3325 712 3383 vel
742 3324 914 3400 quoerendo,
946 3345 974 3384 v.
999 3325 1035 3383 ad
1058 3325 1124 3384 Aul.
1151 3326 1221 3384 333.
1258 3355 1299 3366 -
1332 3325 1395 3381 232.

287 3427 396 3486 sextas
419 3425 465 3485 esi
487 3427 583 3500 codd,
610 3424 746 3499 ,sextue“
768 3427 803 3499 A,
822 3446 848 3484 v.
868 3426 1000 3503 Seyffert.
1021 3425 1103 3487 Stud.
1120 3447 1149 3504 p.
1170 3429 1219 3488 25.
1243 3456 1286 3467 -
1309 3423 1337 3486 ei
1356 3423 1395 3483 rei

287 3529 484 3588 Gruterum.
514 3559 556 3570 —
587 3531 656 3588 233.
692 3523 823 3606 Illyrios
844 3531 970 3606 primam
994 3531 1131 3607 corripit;
1167 3529 1202 3588 cf.
1227 3529 1307 3588 Trin.
1332 3529 1393 3587 852.

287 3631 439 3704 Schwabe,
469 3633 544 3690 Anu.
568 3631 673 3708 philol.
697 3630 745 3689 CV
767 3651 797 3707 p.
822 3633 882 3690 412
913 3632 949 3689 dc
978 3637 1115 3691 accurato
1143 3633 1278 3691 locorum
1301 3631 1394 3690 ordine

287 3735 373 3792 nimia
396 3734 541 3792 sollicitus
564 3733 792 3810 transponebat:
831 3735 1011 3810 ,Hispanoa,
1035 3733 1252 3808 Massilienses,
1278 3735 1393 3803 Hiatroa,

286 3831 452 3894 Hilurioa“.
476 3865 518 3876 -
542 3837 611 3894 234.
641 3830 807 3895 Graeciam
831 3834 980 3896 exoticam
1004 3837 1141 3912 Magnam
1165 3836 1310 3896 Graeciam
1332 3836 1395 3893 dicit

287 3939 389 3997 Graeco
411 3939 504 4012 magia
527 3957 613 4014 quam
637 3937 770 3998 Romano
794 3958 874 3997 more
898 3939 1031 4017 loquens.
1061 3970 1101 3980 -
1130 3942 1201 4000 235.
1237 3957 1311 4017 qua,
1338 3938 1393 3996 nbi·

286 4059 418 4118 cunque;
453 4035 644 4116 adpreditur,
674 4041 778 4099 adluit.
805 4070 840 4080 -
872 4043 941 4100 237.
973 4039 1003 4102 ei
1030 4039 1210 4119 adpareret,
1239 4043 1264 4100 ai
1287 4041 1393 4100 omnino

286 4143 413 4200 inveniri
435 4149 545 4218 posset,
569 4145 594 4200 ai
616 4161 674 4202 nou
692 4145 829 4219 perierat,
853 4163 880 4203 v.
899 4144 1016 4203 Miiller.
1034 4145 1132 4204 Plaut.
1150 4145 1273 4204 Proaod.
1292 4166 1321 4223 p.
1342 4143 1392 4202 514

286 4249 346 4302 not.
370 4243 544 4321 Spengeliua
570 4241 630 4317 „ei“
657 4249 813 4318 omiserat,
849 4248 991 4322 aayudato
1021 4249 1071 4306 vix
1094 4248 1243 4307 Plautino.
1269 4276 1309 4286 —
1330 4245 1392 4302 240.
