2970 5006
245 361 307 426 348
600 427 606 447 ἱ
712 355 894 412 Mostellnrio.

289 551 349 626 Set,
373 551 462 626 Simo,
485 553 531 610 ito
550 569 630 610 nuno
651 555 759 612 uentu·
781 568 886 610 nouem
910 545 1068 625 [nostrum]
1091 551 1233 612 deseruit

1104 652 1147 713 Sl.
1172 653 1253 726 Quid
1277 653 1346 714 ent?

289 756 353 830 Quo
377 751 488 816 modo?
521 753 582 814 TR.
605 755 756 814 Poenumo.
790 753 834 814 SI.
858 754 978 828 Quaene
1000 755 1147 815 eubduote
1169 761 1236 814 erut
1464 815 1465 836 ,

288 859 366 918 ouo
388 859 420 916 in
441 853 575 918 terram?
607 855 668 918 un.
691 857 738 917 ni.
775 855 820 916 e1.
843 855 920 929 omo
942 855 1008 916 eo
1041 856 1102 916 Tu.
1127 853 1219 932 [nou]
1243 877 1291 918 me
1313 861 1370 918 m·

1104 979 1217 1018 oerum:
1242 962 1349 1021 oooidi.

289 1061 333 1122 sl.
358 1060 437 1134 Qui?
471 1061 531 1122 ΤΒ.
552 1061 629 1135 Quin
651 1062 735 1120 uenit
757 1061 851 1134 nuuie,
873 1067 992 1120 noetree
1014 1063 1084 1121 noui
1106 1067 1162 1121 oet.

120 1139 125 1168 ¹
247 1165 318 1224 724.
346 1159 470 1241 Qucum
487 1163 614 1240 Pyladen
633 1183 699 1236 em,
722 1183 750 1225 v.
771 1163 808 1223 33
825 1163 932 1241 Amph.
947 1166 1016 1224 690.
1056 1163 1088 1224 Si
1107 1163 1233 1225 offendit
1254 1167 1374 1242 eyllnbo

246 1272 455 1326 tetrametrum
478 1267 632 1342 excedens,
655 1267 796 1341 iungatur
818 1285 883 1324 oum
906 1267 1041 1343 proximo
1062 1285 1160 1342 neren,
1185 1269 1237 1344 qui
1260 1273 1291 1326 et
1306 1270 1372 1348 ipse

245 1373 419 1428 tetrameter
441 1375 501 1443 ent,
531 1371 555 1428 ei
577 1368 679 1428 hiatur
705 1373 774 1445 poet
796 1368 957 1428 seeundum
980 1369 1130 1429 creticum.
1152 1399 1196 1410 -
1218 1365 1254 1428 in
1276 1371 1370 1430 tenu

245 1469 387 1546 Pylades,
411 1470 456 1544 Β,
481 1475 552 1531 oett.
583 1472 633 1544 „in
660 1467 801 1545 terrum“,
835 1469 914 1548 quod
936 1472 987 1532 vix
1008 1471 1206 1530 neoeoeerimn
1237 1479 1298 1546 eet,
1332 1475 1371 1532 cs.
1466 1481 1467 1498 ¹

245 1571 311 1632 Liv.
323 1571 416 1646 XLII,
431 1575 480 1648 27,
496 1571 508 1632 1
522 1595 528 1632 :
553 1571 834 1650 „quinqueremibus
851 1573 883 1632 in
902 1571 1056 1632 novalibus
1067 1571 1168 1632 Romu
1180 1571 1370 1634 subductffl.

245 1674 346 1735 Medo.
359 1673 398 1732 nd
409 1674 469 1734 Cio.
481 1674 551 1734 Fin.
561 1695 590 1752 p.
604 1675 666 1735 774
674 1671 695 1734 ⁸.
707 1705 749 1716 -
762 1675 833 1734 726.
850 1674 992 1736 nostram
1002 1671 1038 1733 ui
1051 1672 1096 1748 (in
1108 1681 1251 1734 contextu
1263 1683 1369 1736 nostro

246 1797 310 1837 voo.
322 1773 359 1836 ui
369 1795 469 1836 errore
481 1771 604 1854 excidit)
623 1797 676 1838 em.
689 1777 842 1836 Acidaliae
857 1784 938 1836 rente
957 1782 1051 1836 retem
1069 1777 1154 1836 neue
1170 1783 1291 1856 portem
1308 1799 1371 1837 enee
1467 1814 1468 1836 i

246 1898 365 1955 negano.
413 1873 514 1954 Uenit,
533 1893 611 1956 puae
628 1873 765 1957 fronqat,
784 1899 812 1940 v.
830 1879 868 1938 od
884 1879 991 1956 Amph.
1007 1881 1075 1939 192.
1092 1907 1136 1920 -
1154 1881 1226 1940 727.
1253 1879 1370 1956 „Uelim
1467 1869 1468 1876 ¹

244 1987 281 2040 nt
291 1987 325 2042 tn
336 1979 449 2042 uellee“
463 1983 538 2042 nihil
550 1988 606 2042 eet.
639 1982 712 2041 Post
723 1981 862 2041 Bothium
879 1980 979 2040 editur
996 1981 1127 2056 „Uellem
1146 1987 1181 2042 ot
1198 1987 1234 2042 tu
1244 1981 1370 2042 uellee“.

246 2082 371 2144 Lorenu.
388 2085 502 2144 oonlert
513 2084 615 2144 Seneo.
627 2085 684 2164 Ep.
699 2085 748 2158 67,
765 2086 819 2144 13:
855 2083 982 2160 „uellem
1003 2102 1069 2162 que
1079 2079 1203 2157 nelleo“,
1221 2085 1304 2162 qood
1316 2106 1370 2145 neo
1468 2148 1469 2176 ³

246 2185 325 2245 idem
346 2192 391 2245 eet
408 2206 462 2246 neo
479 2189 657 2248 sententium
673 2185 764 2246 habet
781 2185 849 2245 inuio
867 2185 932 2246 looo
949 2189 1184 2246 convenientem.
1219 2186 1301 2247 Simo
1316 2188 1369 2246 hn-
1468 2187 1469 2236 l

245 2289 374 2346 munitet
386 2293 481 2366 optut,
498 2294 637 2348 utvanno
649 2291 690 2349 eit
701 2289 857 2349 Tranionie
874 2295 987 2364 metne;
1009 2291 1112 2366 itaquo
1129 2287 1261 2347 scribone
1280 2310 1369 2350 eunus

246 2409 311 2449 eum
340 2384 440 2452 Uelim
462 2392 500 2451 ot
518 2385 668 2468 sabellos,
690 2411 731 2450 eo.
753 2409 864 2450 norrea.
909 2390 981 2450 Mox
1000 2383 1064 2451 Sed
1085 2385 1234 2467 quidest
1255 2392 1301 2452 ed.
1322 2413 1365 2471 pr.

246 2483 392 2567 Eloquar
418 2491 505 2551 idem.
560 2492 595 2552 R.
619 2493 720 2554 hinton
749 2494 865 2553 vitandi
896 2513 999 2553 neuen:
1037 2492 1119 2570 „ligo
1141 2491 1297 2570 eloqunr“.
1327 2523 1366 2534 -—
1469 2481 1470 2544 l

247 2596 319 2654 728.
343 2593 492 2655 Leonnem
515 2595 660 2674 supplevi,
683 2601 718 2655 ut
739 2596 762 2656 G
783 2617 839 2675 pro
861 2596 885 2655 P
907 2595 1050 2673 seriptum
1072 2597 1214 2673 poterim.
1253 2596 1290 2655 R.
1314 2595 1364 2656 Ce-

246 2698 404 2757 mererium
436 2703 571 2758 oeentue:
608 2698 707 2771 „Tune
740 2699 796 2758 tibi
829 2704 962 2758 actutum
991 2697 1102 2756 ohordu
1130 2693 1298 2758 tenditur“.
1326 2728 1365 2738 -

248 2802 319 2860 729.
342 2793 546 2875 switbertum,
570 2801 606 2859 oi.
627 2802 697 2861 343.
736 2802 804 2861 Ter.
816 2801 910 2860 Andr.
926 2801 1002 2859 199:
1028 2798 1227 2874 „Verberibus
1250 2820 1364 2860 onoeum

248 2909 278 2961 te
301 2905 332 2962 in
354 2904 531 2981 pietunum,
554 2902 652 2976 Daue,
676 2903 782 2962 dedum
806 2923 899 2980 neque
922 2901 961 2960 nd
982 2897 1114 2961 neoem“.
1170 2902 1226 2960 Hio
1248 2922 1364 2979 quoque

247 3007 371 3064 tertium
394 3005 478 3077 illud,
503 3025 613 3080 necem,
638 3006 779 3064 Tranioni
801 3006 938 3082 promitti
961 3005 1109 3062 intellexit
1127 3003 1253 3077 Comen,
1278 3025 1365 3084 quum

247 3107 418 3184 suppleret:
455 3107 583 3182 „Postea
604 3111 635 3166 in
658 3127 772 3167 oruoem
793 3105 905 3167 recte“.
958 3106 1071 3166 Riteoh.
1097 3112 1219 3184 „posteo
1240 3137 1284 3149 —
1307 3107 1365 3167 TR.

247 3209 302 3268 Pol
323 3227 379 3286 per
399 3215 453 3268 tue
480 3217 510 3268 te
538 3208 653 3288 genun“
680 3229 746 3268 oum
770 3211 951 3288 aposiopeei3
985 3209 1038 3267 sed
1060 3209 1222 3285 simplicius
1247 3210 1365 3269 additur

248 3323 337 3371 crux.
359 3341 403 3351 -
426 3312 496 3372 730.
520 3309 600 3372 sotei
620 3311 690 3372 olim
714 3312 911 3372 emendatum.
1191 3393 1195 3398 -

334 3415 405 3472 732.
431 3413 560 3474 Sennriie
583 3417 701 3493 relique
723 3434 816 3474 eoonoe
839 3433 908 3494 pero
930 3413 1044 3491 scriptu
1065 3419 1119 3471 eet.
1163 3413 1238 3472 Poet
1259 3435 1288 3474 v.
1307 3415 1363 3474 732

246 3515 435 3576 intercidisse
464 3517 579 3594 aliquid
606 3516 733 3597 putebat
755 3516 933 3576 Riteoheliue
963 3517 1051 3592 „quia
1078 3515 1147 3574 talin
1176 3517 1276 3595 coepti
1305 3536 1364 3576 oer-

248 3621 343 3678 monie
365 3619 566 3696 interpellatio
589 3620 710 3679 minimo
733 3619 872 3678 Plautina
893 3614 967 3700 eit‘f3
991 3619 1022 3677 in
1044 3637 1103 3695 qno
1125 3618 1250 3694 tollitur,
1273 3621 1310 3678 of.
1330 3618 1365 3678 nd

246 3722 329 3781 Aein.
355 3722 424 3795 347,
454 3727 485 3780 et
506 3721 626 3800 vulgata
648 3722 699 3781 illn
725 3720 821 3796 „Quid
843 3721 912 3795 hoo,
943 3721 1024 3796 quod
1046 3727 1076 3779 te
1098 3716 1212 3798 rogo?“
1260 3721 1364 3782 Pseud.

247 3826 320 3884 479.
354 3824 471 3883 Truoul.
493 3825 570 3898 272,
603 3823 700 3900 „Quid
722 3824 789 3897 hoo,
813 3823 894 3898 qnod
915 3823 953 3880 nd
975 3829 1005 3881 to
1027 3817 1156 3882 nenio?“
1192 3822 1364 3884 (inretiti.

252 3957 287 3969 -
313 3929 384 3986 734,
419 3923 511 4002 quid,
540 3925 741 3999 indefinitum,
769 3946 797 3985 v.
821 3925 858 3984 ed
882 3923 985 3984 Becoh.
1011 3927 1081 3984 271.
1105 3953 1144 3964 -
1168 3927 1240 3984 735.
1275 3919 1366 3985 Nihil

248 4025 427 4106 quidquam,
449 4049 476 4088 v.
496 4029 534 4088 od
551 4028 634 4089 Asin.
650 4030 718 4087 145.
753 4027 823 4087 lieo
839 4027 930 4086 verbo
947 4026 978 4099 C,
1008 4047 1099 4104 quum
1116 4029 1147 4086 in
1165 4029 1249 4086 exitu
1266 4047 1365 4087 verens

248 4131 402 4203 oederent,
426 4151 526 4190 errore
549 4134 579 4189 in
602 4132 732 4208 proximi
753 4149 856 4190 verene
879 4131 1005 4202 exitum,
1029 4135 1097 4206 post
1122 4126 1246 4206 „quem“
1272 4137 1365 4188 trane·

248 4233 327 4291 tulit.
352 4261 389 4274 -
419 4231 462 4292 SI.
486 4227 687 4311 Numquid,
712 4232 759 4293 ed.
781 4253 826 4311 pr.
855 4262 897 4274 -
927 4233 999 4291 736.
1034 4225 1177 4307 liquidus
1200 4231 1295 4305 (lem,
1329 4230 1363 4290 of.
