2982 5012
43 384 45 390 ¹
88 393 371 463 111‚4‚rr-1v‚1‚5
595 395 738 464 Epidicus.

536 585 786 669 Periphanes

507 692 621 778 Neque
643 691 723 758 fidas
745 713 853 776 neque
875 694 985 760 tibias.

89 801 243 884 Propera
268 803 311 866 sis
334 799 447 884 fugere
470 801 555 881 hine,
580 803 606 866 si
629 809 662 866 te
687 801 720 866 di
744 809 888 873 amant,

476 941 481 950 '
566 945 755 1010 Fidicina
1113 983 1125 998 -

919 1053 1046 1120 Abiere.

89 1159 240 1243 Fingitiu
264 1181 338 1224 eum
361 1161 484 1226 maiore
508 1167 585 1244 post
608 1160 725 1225 reddes
747 1169 866 1225 tamen.

537 1291 792 1374 Periphanes

90 1397 180 1474 Quid
207 1399 317 1466 nunc?
340 1399 450 1483 quiin
474 1400 577 1464 tantis
600 1400 726 1482 positus
750 1419 819 1463 sum
845 1403 1025 1480 sententiis,

90 1505 237 1586 [Eamne
262 1505 321 1589 e'gu
346 1509 450 1573 sinam
474 1507 619 1591 inpune?
663 1506 777 1586 Immo,
802 1509 903 1572 etiam
926 1510 953 1572 si
976 1510 1115 1574 alterum
1186 1573 1189 1580 .

89 1614 239 1679 Tantum
263 1615 547 1698 perdundumst,
570 1615 706 1698 perdam
729 1617 850 1698 potius,
875 1637 972 1700 quam
997 1621 1102 1682 sinam

90 1723 143 1786 Me
169 1726 294 1806 inpune
317 1725 446 1789 irrisum
469 1745 541 1790 esse
563 1722 721 1800 habitum,
745 1723 989 1808 depeculatum]

91 1833 130 1895 Ei
155 1835 206 1898 sic
231 1833 309 1897 data
332 1853 403 1898 esse
425 1833 529 1896 uerba
551 1833 718 1916 praesenti
741 1832 865 1915 palam!

92 1941 204 2025 Atque
228 1963 279 2005 me
301 1941 437 2006 minoris
460 1940 546 2005 facio
571 1961 650 2023 prae
673 1939 740 2018 illo,
765 1943 820 2023 qui
844 1943 986 2006 omnium

94 2049 220 2130 Legum
245 2057 344 2131 atque
367 2051 473 2114 iurum
496 2049 601 2127 fictor,
625 2047 776 2113 conditor
799 2049 895 2114 cluet.

93 2156 123 2220 Is
148 2159 251 2222 etiam
275 2178 346 2222 sese
370 2177 487 2241 sapere
511 2158 683 2222 memorat!
703 2175 707 2184 ·
727 2155 881 2223 Malleum

92 2249 335 2348 sapientiorem
358 2265 426 2330 uidi
452 2286 589 2330 excusso
613 2265 793 2330 manubrio.

109 2601 114 2612 ·
147 2561 373 2626 PHILIPPA
407 2559 605 2629 MULIER.
662 2561 968 2628 PERIPHANES
999 2561 1170 2628 SENEX.

484 2757 489 2770 '
564 2749 754 2833 Philippa
808 2821 817 2833 ,

96 2856 129 2921 Si
152 2857 234 2941 quid
259 2863 311 2922 est
333 2857 457 2923 homini
480 2859 695 2929 miseriarum,
719 2858 807 2942 quod
824 2861 1025 2939 miserescat.
1051 2859 1163 2940 [miser
1183 2881 1221 2924 ex

865 2966 1019 3049 animost]
1172 2985 1222 3038 525

97 3072 133 3137 Id
158 3094 219 3152 ego
243 3074 403 3156 experior,
427 3077 505 3156 quoi
527 3075 631 3138 multa
654 3075 686 3138 iu
709 3096 810 3138 uuum
833 3074 941 3140 lucum

98 3179 283 3259 Confluunt,
308 3201 392 3265 quae
416 3203 522 3246 meum
545 3189 658 3265 pectus
682 3182 815 3266 pulsant
838 3183 943 3248 simul.

97 3286 270 3382 Multiplex
293 3311 451 3356 aerumna
473 3293 650 3356 exercitam
674 3292 745 3355 med
766 3290 883 3370 habet;

54 3437 56 3442 ·
98 3397 290 3482 Paupertas,
314 3419 419 3482 pauor
441 3399 571 3464 territat
592 3407 734 3491 mentem
756 3401 870 3478 animi;

11 3573 12 3576 ,
99 3506 224 3589 Neque,
256 3506 313 3572 ubi
341 3527 431 3572 meas
460 3529 535 3592 spes
558 3508 739 3586 epulonem,
770 3506 876 3572 habeo
899 3527 1038 3590 usquam
1063 3509 1222 3574 munitum

301 3687 303 3692 ,
865 3615 987 3695 lucum;
1172 3635 1222 3686 530

100 3721 180 3796 iita
191 3730 293 3806 gnata
305 3743 379 3788 mea
389 3722 564 3789 hostiumst
576 3725 692 3807 potita,
710 3745 825 3806 neque,
839 3745 877 3787 ea
896 3745 982 3788 nunu
1002 3723 1122 3802 ubisit,
1143 3727 1220 3789 scio.

164 3935 214 3986 514
232 3931 357 4000 Propera
374 3933 462 4000 igitur
478 3933 506 3987 B
603 3934 657 3986 tesi
676 3933 702 3986 A
805 3934 855 3986 516
878 3932 930 4000 Qui
948 3949 1022 3988 nune
1042 3934 1108 4002 quin
1126 3936 1222 3987 tantis·

102 4017 203 4083 peritus
223 4017 277 4072 seis
297 4017 451 4072 senteuteis
469 4017 498 4071 A
549 4021 668 4072 511-19
687 4020 786 4073 abserat
804 4019 839 4073 ab
857 4019 889 4071 A.
942 4021 992 4072 520
1010 4019 1057 4072 Eis
1076 4018 1103 4073 B
1147 4019 1220 4071 Ι521

102 4103 255 4158 memineris
274 4102 302 4155 B
354 4101 500 4158 fauiofueio
519 4104 545 4157 A
606 4121 657 4172 pro
676 4105 703 4156 B
765 4106 815 4156 522
835 4104 923 4158 uirum
943 4105 969 4157 A
1031 4104 1177 4158 condietur
1195 4103 1222 4156 A

103 4189 148 4240 524
164 4188 369 4259 sapientiorum
390 4229 555 4242 ........
571 4191 655 4242 uranii
667 4191 708 4244 uio
725 4189 759 4242 B.
781 4189 848 4243 Tum
865 4189 936 4244 iuB
954 4191 1050 4244 uulua
1067 4203 1152 4243 aresce
1170 4204 1221 4243 um.

103 4275 147 4327 528
164 4291 308 4329 eriminum
379 4275 441 4328 med
460 4289 509 4328 um.
577 4277 628 4328 530
646 4275 783 4328 curionem
802 4291 866 4344 spes
936 4275 984 4328 531
1005 4274 1042 4328 sit
1059 4273 1153 4328 nereio
1304 4266 1309 4275 ’
