2970 5006
231 318 292 380 298
499 286 503 292 ¹
698 317 876 374 Mostellaria.

230 511 351 588 inspicit
373 517 417 592 et,
440 514 465 570 si
488 513 560 589 quid
583 512 689 572 edium
712 513 849 573 dominus
871 533 926 592 pro
944 516 1069 574 domino
1092 510 1181 587 dicit,
1203 515 1349 591 penitere

231 632 297 671 eum
329 613 442 672 venditi
472 621 573 692 putat,
608 615 655 674 hic
685 619 812 676 vicinum
843 617 997 676 ridiculum
1033 622 1064 675 et
1095 637 1200 692 parum
1229 619 1354 694 integrm

231 717 339 776 mentis
374 717 467 790 mdes,
512 736 586 793 ques
624 718 689 795 ipse
728 739 788 778 non
821 719 1009 778 vehementer
1040 719 1164 797 probet,
1212 719 1355 778 admirari

231 825 344 894 censet,
375 839 462 882 servo
484 829 643 901 utrumque
667 824 820 900 aequalitcr
842 821 972 881 ludente.
1028 822 1152 906 Interim
1174 823 1357 900 potantibus

230 925 260 981 in
290 924 508 1003 Theopropidis
535 927 648 986 aedibus
676 925 880 986 Philolachete
913 929 944 982 et
972 925 1167 988 onninamente
1195 925 1293 984 sodali
1321 935 1355 982 et

230 1028 325 1086 amico
348 1029 412 1087 eius
435 1048 500 1088 cum
522 1005 741 1100 meretricibus,
776 1027 978 1088 Callidamatis
1001 1030 1080 1086 servi
1103 1027 1282 1100 adveniunt,
1316 1035 1389 1098 111,

229 1129 333 1188 herum
366 1129 483 1190 domum
517 1133 703 1198 comitentur.
770 1131 882 1190 Horum
921 1130 1037 1189 demum
1079 1147 1212 1190 sermone
1246 1132 1356 1192 andito

230 1231 450 1309 Theopropides
482 1235 514 1292 in
548 1235 742 1314 suspicionem
777 1233 923 1292 adductus
951 1253 968 1291 a
995 1232 1115 1293 Simone
1144 1253 1259 1292 omnem
1288 1255 1356 1292 rem

230 1337 387 1411 comperit·
405 1356 496 1414 seque
520 1357 607 1398 aeuo
627 1357 712 1397 servo
728 1336 859 1397 ludibrio
877 1335 1011 1395 habitum
1031 1356 1095 1394 esee
1114 1339 1242 1396 maximo
1260 1357 1355 1415 opere

230 1437 417 1514 indignatur,
451 1460 577 1516 eumque
609 1443 785 1517 grarimima
817 1460 904 1517 poena
937 1443 1082 1516 castigare
1117 1440 1263 1514 instituit,
1297 1441 1355 1499 ssd

230 1544 392 1602 intervenit
414 1543 630 1616 Callidamates,
654 1546 706 1619 qui
728 1563 819 1619 quum
842 1563 926 1602 suam
950 1561 1012 1601 esec
1036 1543 1153 1618 culpam
1170 1542 1357 1618 profiteatur

230 1663 374 1722 suumque
400 1651 551 1723 sumptum
579 1645 642 1704 lore
672 1648 844 1722 promittat,
875 1649 938 1704 eius
965 1645 1103 1722 precibus
1133 1649 1233 1704 motus
1260 1666 1356 1707 senex

231 1753 261 1808 et
282 1747 344 1808 filio
365 1750 481 1807 veniam
504 1748 556 1807 dat
578 1753 609 1808 et
630 1767 715 1812 servo
737 1748 875 1825 ignoscit.

314 1851 530 1911 Mostellarinm
552 1851 608 1910 hoc
631 1853 749 1912 nomine
773 1851 875 1910 etalii
897 1869 975 1926 saepe
990 1852 1177 1927 grammatici
1195 1856 1226 1910 et
1243 1852 1353 1910 Festus

228 1973 259 2031 p.
285 1955 343 2012 166
366 1949 498 2027 laudarit,
521 1954 574 2014 sed
596 1955 676 2032 apud
698 1954 823 2012 eundem
845 1953 968 2012 Festum
991 1972 1021 2029 p.
1048 1954 1106 2012 162
1130 1953 1218 2014 huius
1243 1955 1352 2014 tabulae

229 2079 256 2117 v.
281 2058 341 2116 235
366 2061 446 2134 etp.
471 2059 531 2117 305
553 2077 581 2124 1.
606 2058 668 2115 714
697 2059 782 2135 quasi
812 2076 848 2115 ex
869 2057 1027 2114 Phasmate
1057 2055 1231 2116 afferuntur.
1287 2057 1353 2116 Hoc

230 2161 273 2219 ita
300 2160 485 2238 explicarunt
516 2161 574 2219 viri
604 2159 692 2233 docti,
724 2164 760 2217 111
786 2157 913 2218 Phasma
942 2158 1077 2220 Graecum
1106 2157 1214 2217 labulse
1243 2178 1353 2219 nomen

229 2263 320 2322 luisse
343 2267 510 2335 censerent,
544 2263 683 2322 Plautum
706 2261 811 2320 Latine
834 2261 1050 2321 Mostellariam
1078 2261 1261 2339 appellasse,
1296 2263 1352 2340 po·

229 2367 354 2425 steniore
375 2370 474 2424 autem
497 2369 594 2439 aetate,
624 2385 714 2442 quum
737 2368 768 2424 in
789 2364 941 2442 plerisque
963 2365 1052 2423 rebus
1075 2364 1203 2422 Romani
1226 2369 1353 2443 propius

230 2469 268 2528 ad
295 2467 414 2527 Greecoe
442 2465 579 2528 accedere
608 2472 801 2540 conarentur,
832 2467 996 2548 histriones
1023 2465 1190 2524 Plautinum
1218 2467 1352 2526 fabulam

231 2577 351 2649 agentes
373 2569 508 2630 Graecum
538 2591 645 2630 nomen
674 2571 836 2629 reduxisse.
891 2571 965 2628 Tres
994 2573 1092 2628 1111111
1121 2567 1232 2628 Graecae
1263 2570 1352 2630 huius

230 2675 358 2734 nominis
380 2673 487 2732 fabnlae
511 2679 787 2746 commemorantur,
816 2693 873 2732 una
896 2673 1063 2746 Menandri,
1087 2674 1169 2732 cuius
1192 2673 1352 2732 Terentius

229 2780 260 2836 in
282 2777 417 2836 Eunuchi
445 2777 568 2854 prologo
596 2797 623 2836 v.
639 2780 665 2856 Ι9
690 2778 868 2835 mentionem
896 2777 983 2848 facit,
1017 2775 1069 2834 nbi
1097 2774 1231 2834 Donatus
1262 2795 1351 2852 argu·

230 2886 361 2939 mentum
389 2878 498 2938 fabulae
525 2881 664 2954 tradita
691 2879 879 2938 Mostellaria
906 2898 1028 2955 prorsus
1056 2879 1220 2950 diversum,
1256 2879 1352 2936 altera

109 2982 112 2997 '
190 3035 191 3039 ,
230 2971 409 3058 Theogneti,
445 2984 545 3057 Φάσμα
572 2985 588 3054 ἢ
616 2984 784 3060 Φιλάργυρος
817 2977 858 3058 (v.
888 2981 1017 3040 Meinelr.
1046 2980 1096 3039 Fr.
1127 2979 1209 3039 (lom.
1233 2979 1286 3040 Gr.
1310 2981 1351 3040 IV

230 3107 260 3164 p.
287 3084 383 3158 549),
405 3105 469 3160 ques
498 3089 528 3142 et
555 3087 619 3160 ipsa
646 3106 663 3144 a
685 3085 824 3144 Plautina
845 3083 945 3143 fabula
968 3084 1085 3142 diversa
1105 3083 1197 3142 luisse
1220 3083 1349 3156 videtur,

231 3191 256 3247 si
279 3189 399 3266 quidem
421 3188 505 3246 avari
526 3188 666 3260 hominis,
700 3189 747 3245 cui
776 3187 901 3246 alterum
925 3205 1030 3244 nomen
1052 3185 1106 3244 illa
1127 3183 1229 3244 fabula
1252 3185 1348 3258 debet,

230 3294 260 3350 in
282 3291 339 3350 hac
362 3292 527 3367 perexiguae
550 3295 653 3367 partes
676 3295 754 3348 suut.
799 3289 885 3361 Quod
907 3289 946 3347 ad
966 3289 1088 3348 tertiam
1108 3290 1227 3361 attinet,
1251 3287 1349 3346 Phile·

231 3396 326 3456 monis
350 3395 450 3466 Φάσμα
472 3389 511 3464 (r.
535 3392 666 3452 Meinelr.
690 3393 730 3451 lv
752 3414 782 3471 p.
803 3387 872 3468 29),
907 3392 986 3469 quod
1014 3411 1105 3458 uuum
1134 3389 1203 3448 iude
1226 3389 1349 3448 affertur

231 3491 482 3574 fragmentum-a
504 3501 606 3556 nostra
627 3495 729 3554 fabula
751 3497 880 3554 alienum
904 3501 958 3554 eet.
1002 3493 1107 3572 Itaque
1124 3513 1173 3552 ree
1190 3492 1348 3551 admodum

231 3600 321 3658 dubia
344 3602 397 3674 est,
419 3617 474 3656 nec
506 3598 543 3656 de
572 3597 680 3657 Graecae
714 3596 823 3656 labulae
856 3599 975 3656 nomine
1009 3595 1172 3673 quidquem
1206 3595 1348 3654 affirmari

231 3705 346 3779 potest3
364 3701 472 3772 „multo
494 3701 591 3760 minus
615 3706 729 3774 autem,
757 3703 824 3779 quis
847 3701 965 3760 Grmous
988 3703 1077 3776 poeta
1099 3698 1212 3774 primus
1235 3697 1347 3770 lecerit,

232 3804 365 3863 divinare
387 3823 553 3880 possumus.

318 3905 455 3965 Ceterum
477 3905 580 3965 fabula
602 3910 647 3964 est
668 3925 792 3981 prorsus
814 3905 950 3980 egregia;
984 3885 1051 3963 nam
1080 3907 1110 3960 et
1135 3919 1233 3960 mores
1254 3900 1349 3961 homi·

232 4029 303 4068 num
324 4007 508 4086 lepidissime
531 4007 677 4085 depingit,
709 4013 740 4066 et
768 4027 804 4065 ex
831 4009 896 4084 ipso
924 4011 1096 4083 argumento
1124 4023 1160 4061 ea
1187 4001 1349 4062 hilaritatis
1376 4021 1382 4032 ·

234 4117 263 4170 et
286 4111 457 4170 festivitatis
480 4089 566 4188 copia
588 4112 694 4182 oritur,
717 4115 752 4169 nt
774 4129 828 4170 nec
849 4111 982 4189 parasito
1005 4129 1058 4166 nec
1074 4107 1169 4166 milite
1183 4125 1239 4164 nec
1255 4125 1349 4182 coquo

234 4218 286 4271 aut
309 4212 493 4289 sycophanta
515 4211 552 4269 ad
575 4211 666 4270 risum
688 4211 865 4271 movendum
887 4231 961 4288 opus
983 4209 1082 4267 luerit.
1128 4207 1237 4266 Merito
1259 4209 1350 4285 igitur
