3030 5050
264 293 305 352 84
778 283 870 338 Plauti

772 472 879 538 Lsna

264 581 358 662 Quod
381 581 437 647 illa
462 580 555 659 dixit,
577 581 632 664 qui
658 580 802 644 secundo
825 587 925 644 uento
948 585 1080 644 uectust

264 687 454 773 Tranquillo
477 709 576 766 mara,
599 695 734 753 uentum
757 689 883 769 gaudeo
908 695 1038 753 ecastor
1061 687 1103 753 ad
1126 695 1168 764 te,
1372 701 1403 750 15

265 799 317 864 Ita
339 797 436 863 hodie
459 795 514 861 hic
536 803 693 879 acceptae
717 819 827 861 sumus
851 796 1008 860 suauibus
1032 795 1147 874 modis,

264 907 334 973 Nec
361 907 425 972 uisi
454 905 628 988 disciplina
656 905 743 988 apud
767 912 799 969 te
823 904 886 970 fuit
910 905 1091 988 quidquam
1115 902 1176 981 ibi,
1210 902 1287 986 quin
1316 899 1406 963 mihi

983 1012 1140 1096 placarat.

724 1143 928 1210 Selenium

268 1253 353 1332 Quid
377 1253 435 1329 ita,
458 1251 602 1318 amabo?

773 1361 879 1424 Lana

347 1471 436 1534 Raro
459 1469 544 1534 anim
570 1467 671 1532 dabat
694 1467 782 1551 quod
806 1467 968 1547 biberam3
991 1467 1025 1532 id
1049 1487 1174 1530 merum
1196 1463 1406 1529 iuiuscabat.
1475 1537 1476 1566 ἦ

703 1623 960 1706 Gymnasium

266 1731 402 1810 Amabo,
424 1731 531 1796 hiaiua
556 1733 640 1796 istuc
664 1731 780 1795 decet?

773 1883 880 1947 Lena

826 1991 945 2076 Iusque
970 1991 1083 2074 fasque
1107 1998 1172 2070 est3

268 2101 372 2168 Nemo
395 2101 521 2166 alienus
545 2100 600 2164 hic
623 2107 681 2162 est.

730 2241 935 2306 Selenium

744 2350 862 2416 Merito
886 2357 999 2416 nostro
1023 2371 1096 2414 amo
1120 2369 1189 2426 uua,
1369 2365 1403 2416 ao
1475 2375 1476 2378 ¹

272 2455 355 2534 Quia
378 2479 429 2523 ma
452 2456 561 2522 colitis
584 2465 618 2521 at
641 2461 749 2539 magui
773 2458 892 2523 facitis.

778 2612 884 2677 Lena

912 2720 1015 2784 Decet
1039 2719 1102 2802 pol,
1126 2739 1199 2784 mea
1222 2717 1401 2796 Salonium,

356 2827 450 2892 Hunc
473 2849 546 2892 asse
570 2827 717 2892 ordinem
740 2828 974 2893 beusuolautes
997 2829 1084 2892 iuter
1106 2848 1140 2891 sa

475 2933 628 3018 Benequs
651 2937 798 3001 amicitia
821 2938 917 3013 uuer,

271 3042 332 3106 Ubi
355 3045 437 3106 istas
460 3045 575 3108 uideas
600 3067 726 3108 summo
749 3065 867 3126 genera
891 3053 1008 3126 gnatas
1026 3044 1197 3108 summatis
1216 3049 1398 3116 matronas

272 3149 315 3214 Ut
338 3152 517 3214 amicitiam
545 3153 657 3217 colunt
685 3159 786 3237 atqua
816 3159 852 3216 ut
881 3173 953 3216 eam
983 3155 1129 3216 iunctam
1158 3150 1242 3216 bans
1272 3151 1400 3214 habeut

988 3261 1074 3325 inter
1098 3281 1142 3324 se.
1367 3276 1400 3325 25

272 3366 320 3450 [Si
342 3367 428 3432 idem
451 3366 538 3431 istud
563 3373 623 3430 n'os
645 3366 829 3450 faciamus]
854 3370 880 3433 si
905 3369 988 3432 idem
1012 3370 1188 3447 imitamur,
1215 3368 1264 3432 ita
1286 3377 1397 3432 tamen

986 3478 1043 3542 uix
1064 3477 1204 3542 uiuimus

271 3581 352 3648 Cum
385 3583 511 3647 inuidia
545 3603 681 3648 summa.
750 3582 903 3666 [Suarum
947 3606 1045 3668 opum
1081 3605 1140 3649 uos
1173 3583 1290 3648 uolunt
1324 3604 1398 3649 esse

987 3689 1198 3776 indigentes]

359 3913 391 3964 14
408 3910 456 3964 (ΞΥ
563 3915 662 3965 uectus
681 3915 725 3964 ast
814 3913 845 3963 15
862 3913 963 3965 mariI
1065 3916 1096 3966 17
1114 3911 1180 3966 Naea
1198 3910 1235 3978 Β,
1257 3911 1334 3966 Haae
1352 3911 1401 3968 IE

273 3997 305 4049 18
323 3993 403 4061 Quod
421 3994 451 4049 Ε
533 4011 598 4049 raro
616 3996 733 4048 nimium
751 3997 838 4050 dabat
911 3999 941 4049 19
959 3997 1069 4053 bissina
1086 3997 1139 4065 BI,
1156 3999 1202 4051 hia
1220 3999 1281 4051 siue
1299 3995 1332 4050 E

271 4081 348 4134 istud
366 4079 414 4135 ffl
512 4083 543 4134 21
564 4081 691 4135 silenium
709 4081 737 4134 B
833 4084 866 4134 22
883 4082 1072 4139 beniuolentia
1085 4083 1122 4152 Β,
1141 4084 1212 4138 bene
1232 4081 1397 4150 uolentisE,

272 4167 374 4222 22—23
390 4182 445 4222 uno
461 4182 541 4221 verm
610 4169 644 4221 25
663 4169 718 4220 ami
736 4168 807 4220 aiam
825 4166 853 4220 Β
