2982 5012
278 363 318 424 30
790 343 883 412 Plauti
1155 357 1190 422 11,
1199 360 1221 428 3,
1230 357 1317 427 o-m,
1325 355 1360 422 11

276 546 369 625 Quod
393 548 448 630 pol
471 568 531 630 ego
556 553 664 614 metuo
689 549 716 613 si
739 567 838 612 senex
860 547 1039 626 resciuerit,

275 655 324 718 Ne
348 654 453 720 ulmos
476 656 642 740 parasitos
665 653 775 734 faciat
799 676 885 739 quae
907 677 1011 739 usque
1034 654 1244 722 adtondeant.
1326 735 1327 738 Ἴ

275 763 339 827 Sed
362 785 414 829 me
437 785 503 828 nna
525 762 640 828 turbat
662 784 714 828 res
738 764 897 846 ratioque,
921 764 1078 848 Apoecidi

275 869 380 948 Quam
405 871 576 937 ostendam
598 871 764 938 fidicinam
788 871 933 954 aliqn'am
956 872 1205 940 conductitiam.
1265 905 1268 912 ·

274 979 381 1062 Atque
404 979 438 1044 id
461 999 590 1062 quoque
613 979 734 1044 babeo:
759 1000 854 1044 mane
877 1000 928 1044 me
949 981 1048 1046 iussit
1070 1001 1168 1046 senex
1247 990 1249 997 ’
1328 995 1368 1048 315

146 1095 151 1106 ¹
275 1086 466 1152 Couducera
489 1087 634 1172 aliquam
655 1085 820 1152 fidicinam
844 1087 906 1152 sibi
930 1088 994 1154 buo
1017 1088 1162 1168 domum,
1186 1096 1228 1170 ut,

275 1195 360 1260 Dum
382 1217 451 1260 rem
475 1195 621 1260 diuinam
643 1195 775 1276 faceret
798 1203 950 1261 cantaret
973 1197 1052 1278 sibi3

274 1303 322 1368 Ea
344 1304 553 1382 conducetur,
577 1310 677 1390 atque
701 1305 731 1367 ei
753 1305 1079 1386 praemonstrabitur,

274 1410 345 1490 Quo
368 1419 466 1495 pecto
489 1411 547 1477 fiat
571 1411 710 1478 subdola
733 1411 895 1500 aduersus
919 1435 1036 1478 senem.

273 1519 331 1585 lbo
345 1522 455 1601 ·iutro;
478 1527 650 1603 argentum
674 1522 834 1604 accipiam
857 1522 899 1586 ab
923 1521 1081 1586 damnoso
1105 1543 1190 1588 sene.
1328 1537 1371 1589 320

722 1813 950 1822 ..ῳ-...-

255 1991 262 2000 ’
305 2000 645 2100 sunarreroonns
664 2031 992 2116 ,aerumnosus
1027 2013 1344 2100 snnnns'onurus

681 2225 987 2311 Stratippocles

269 2335 500 2419 Exspectando
524 2335 643 2401 exedor
665 2337 763 2401 miser
786 2343 884 2418 atque
908 2343 1091 2402 exenteror.

147 2427 151 2436 ⁸
270 2423 444 2520 Quomodo
464 2444 542 2508 mihi
564 2443 693 2527 Epidioi
716 2443 839 2509 blanda
862 2443 951 2509 diota
974 2453 1124 2524 euenant,

268 2550 373 2616 Nimis
398 2551 453 2616 diu
476 2572 633 2616 maceror.
680 2552 769 2618 Sitne
793 2553 873 2636 quid
896 2572 1006 2618 neone·
1022 2555 1073 2632 sit,

271 2657 361 2724 Scire
385 2662 492 2744 cupio.
1024 2657 1027 2664 ’

695 2765 967 2835 Chaeribulus

496 2865 500 2874 ’
537 2873 712 2940 Perillam
736 2879 864 2960 copiam

269 2981 342 3047 Tibi
361 3004 476 3065 parare
497 2984 596 3048 aliam
613 2984 701 3050 licet.
738 2983 826 3049 Soiui
845 2984 999 3068 equidem
1017 2987 1050 3050 in
1070 2985 1228 3070 principio
1247 2984 1313 3047 ilico
1329 2993 1369 3046 325

269 3089 402 3156 Nullam
425 3092 487 3157 tibi
510 3113 580 3158 esse
602 3093 635 3157 in
659 3093 715 3157 illo
739 3095 877 3180 copiam.
1086 3085 1089 3096 ’

679 3223 983 3329 Stratippocles

914 3331 1032 3402 Interii
1052 3323 1163 3399 hercle
1187 3353 1245 3416 ego
1261 3323 1367 3410 mido.

695 3441 967 3528 Chaeribulus

268 3569 416 3635 Absurde
433 3570 523 3649 facis,
546 3570 602 3652 qui
620 3590 722 3652 augas
742 3577 776 3635 te
795 3571 904 3634 animi.
940 3569 974 3635 Si
991 3571 1101 3638 hercle
1114 3592 1173 3654 ego
1185 3557 1276 3635 illum
1287 3558 1369 3632 semel

1034 3679 1246 3764 prehendero,

167 3857 169 3862 .
267 3786 453 3868 Numquam
466 3784 609 3852 inridere
622 3807 680 3852 nos
693 3786 785 3851 illum
798 3787 938 3852 inultum
951 3789 1056 3852 sinam
1069 3809 1198 3853 seruom
1216 3786 1371 3852 homiuem.

234 3989 238 3998 ·
335 3979 456 4031 315-17
474 3977 581 4032 duobus
598 3979 720 4032 uersibus
773 3980 824 4033 316
843 3986 873 4033 ut
891 3996 934 4034 om
997 3981 1048 4032 320
1067 3975 1221 4048 dampnoso
1272 3971 1372 4031 321-25

267 4065 355 4118 11111111
371 4062 495 4116 versibus
548 4064 599 4116 322
618 4063 749 4118 eueniant
807 4067 856 4118 323
877 4065 922 4119 Sic
941 4066 1047 4133 nequit.
1064 4083 1119 4142 'uec
1138 4067 1228 4120 nescit
1282 4063 1327 4116 324
1341 4069 1371 4121 St·

265 4149 341 4203 illam
359 4149 411 4203 tibi
431 4148 539 4216 copiam
560 4147 674 4217 Copiam
691 4151 744 4203 tibi
762 4167 858 4220 parere
927 4153 982 4205 326
1001 4151 1105 4219 oppido
1123 4167 1173 4205 ora.
1245 4150 1291 4203 322
1308 4138 1404 4197 STR·'

267 4233 295 4288 Si
366 4237 415 4288 328
434 4233 594 4287 inultimum
