2982 5004
125 355 175 424 IV,
184 359 208 423 2,
218 357 320 412 61-69
603 357 786 412 Menaechmi.

576 547 793 614 Peniculus

122 654 213 720 Nihil
234 655 299 748 hoo
320 655 544 732 confidentius,
568 659 633 740 qui,
657 677 741 740 quae
763 655 865 736 uides,
889 677 929 721 ea
951 665 1117 742 pernegat.

543 799 822 864 Menaechmus

121 907 185 973 Per
213 907 324 973 Ionem
355 908 499 990 deosque
527 909 631 974 omnia
659 908 788 987 adiuro,
819 929 901 972 uxor
922 941 965 952 -·
986 910 1072 974 satin
1101 909 1163 976 hoo
1193 917 1242 976 est

887 1015 972 1081 tibi?
996 1053 1036 1062 —

119 1102 173 1166 Me
196 1103 252 1168 isti
275 1123 340 1168 non
362 1108 506 1168 nutasse.

573 1207 791 1274 Peniculus

550 1315 663 1382 Credit
684 1317 750 1383 iam
772 1317 834 1382 tibi
857 1318 897 1382 de
919 1319 1007 1398 istis;
1030 1317 1094 1385 hue
1116 1319 1197 1385 redi.

538 1460 820 1526 Menaechmus

115 1568 189 1648 Quo
213 1590 272 1652 ego
294 1570 452 1636 redeam?

568 1676 787 1744 Peniculus
815 1658 818 1664 ⁵

216 1785 378 1872 Equidem
400 1787 444 1853 ad
467 1785 680 1871 phrygionem
703 1807 828 1853 censeo.
873 1786 897 1865 Ι,
920 1785 1042 1870 pallam
1064 1787 1159 1852 refer.
1185 1805 1236 1857 605

585 1927 774 1995 Matrona

111 2040 206 2118 Quae
228 2041 331 2106 istaec
353 2039 541 2124 palleant?

538 2163 813 2230 Menaechmus

297 2275 402 2340 Taceo
424 2275 498 2355 iam,
522 2273 654 2358 quando
677 2274 760 2339 haee
782 2295 851 2340 rem
874 2295 939 2339 non
962 2275 1109 2340 meminit
1131 2295 1233 2339 auam.

107 2384 140 2448 N
145 2405 199 2447 um
224 2384 298 2465 quis
322 2403 490 2448 seruorum
514 2382 675 2466 deliquit?
700 2403 777 2448 num
801 2381 940 2448 ancillae
964 2389 1020 2448 aut
1043 2383 1129 2448 serui
1152 2382 1214 2447 tibi

107 2493 343 2575 Responsant?
387 2491 567 2574 Eloquere;
588 2491 710 2580 inpune
732 2513 798 2556 non
821 2492 894 2556 erit.

582 2632 768 2700 Matrona
814 2629 816 2636 ’

818 2745 821 2754 “
932 2740 1044 2824 Nugas
1068 2742 1147 2825 agis.

453 2897 458 2908 .
532 2849 814 2916 Menaechmus

106 2960 230 3026 Tristis
253 2959 429 3026 admodum
451 2982 504 3040 es;
527 2982 591 3024 non
614 2957 693 3024 mihi
715 2959 803 3024 iatuo
826 2959 906 3024 eatis
928 2959 1047 3044 planet.

578 3103 763 3168 Matrona

960 3207 962 3214 ’
1016 3207 1127 3292 Nugae
1149 3209 1230 3292 agis.

164 3405 169 3412 ἱ
300 3355 308 3370 ·
528 3316 812 3384 Menaechmus
908 3367 915 3384 .

107 3427 205 3494 Certe
228 3427 441 3494 familiarium
462 3427 585 3510 aliquoi
607 3429 695 3492 irata
717 3447 761 3492 es.

573 3556 761 3624 Matrona

860 3664 1074 3748 Nugaeagia.
1178 3684 1230 3736 610

193 3909 245 3961 602
263 3906 385 3975 quinque
403 3873 482 3959 uidde
535 3905 587 3958 664
603 3904 660 3958 Mei
678 3903 701 3958 ai
719 3921 777 3958 non
794 3906 828 3972 Β,
847 3903 905 3959 Mei
922 3903 1053 3959 eunonO
1103 3901 1158 3956 PE.
1177 3917 1227 3957 om.

177 3993 244 4046 illue
296 3991 374 4046 credi
391 3991 440 4068 B,
496 3991 546 4045 606
564 3988 624 4057 Quo
642 3989 791 4059 egredeam
863 3987 1061 4059 ¹phrygionem
1079 4005 1180 4043 oeneeo
1199 3994 1228 4042 et

105 4079 212 4147 pallam
298 4080 349 4132 606
366 4076 429 4132 ΜΕ.
521 4075 578 4130 ieta
596 4074 667 4129 etc
758 4073 846 4128 ΜΕΝ.
865 4091 914 4130 ont
990 4075 1104 4128 memini
1176 4075 1228 4127 607

17 4217 19 4222 .
106 4161 235 4233 deliquid
325 4167 418 4216 rer-oet
509 4163 560 4216 608
577 4159 726 4231 Responde
744 4165 809 4215 ante
827 4161 942 4229 loquere
959 4161 993 4228 B,
1016 4161 1142 4228 Respons
1162 4164 1226 4212 ante

25 4271 30 4282 ·
105 4247 265 4320 loquereO
330 4248 381 4302 609
400 4252 443 4302 ert
511 4245 575 4301 MA.
595 4261 645 4301 om.
715 4249 767 4300 610
785 4247 878 4315 aliquo
896 4246 935 4298 B'
