2982 5014
277 367 338 432 386
753 362 928 420 Meuachmi.

276 558 435 638 prestabit
462 577 550 634 quam
579 561 626 620 vel
654 557 838 620 emendando
860 559 907 618 vel
929 559 1092 618 resecando
1113 557 1258 632 tollere“;
1286 561 1341 619 sed
1362 580 1395 618 re

276 662 344 738 ipsa
365 681 425 720 non
446 660 601 736 toleravit,
632 683 700 722 uam
729 667 761 722 et
781 681 840 720 non
862 681 958 739 pauca
980 663 1107 720 mutarit
1128 669 1159 720 et
1181 661 1297 722 duobus
1319 663 1396 722 loeis

277 783 413 826 vannum
447 764 579 824 ordinem
610 765 745 838 invertit,
779 765 912 842 quamvis
940 764 1033 823 nihilo
1062 764 1168 822 melior
1196 783 1232 822 aa
1259 783 1291 822 re
1314 784 1396 822 com·

276 867 387 943 positio
408 866 503 926 lieret.
548 867 656 926 Postea
683 867 734 926 alii
761 868 819 926 viri
846 865 927 924 docti
948 866 1155 939 elaborarunt,
1177 871 1212 924 nt
1232 867 1395 942 prologum

276 987 333 1028 uon
355 968 393 1027 ab
415 987 475 1028 uuo
496 973 585 1047 poeta
608 969 801 1048 compositum
824 969 1029 1040 ostenderent,
1057 968 1110 1027 aed
1131 988 1220 1044 qpum
1244 968 1283 1026 ab
1305 969 1397 1026 initi'o

276 1069 396 1130 brevior
423 1071 541 1143 fuisset,
575 1076 678 1149 postea
705 1072 827 1130 alterins
854 1077 951 1148 posta
979 1069 1190 1130 additamentis
1220 1077 1342 1134 auctum
1366 1077 1397 1129 et

276 1171 484 1248 amplificatum
516 1193 587 1232 ease.
649 1172 685 1233 Iu
717 1173 772 1244 tali
800 1175 949 1232 sententia
975 1173 1095 1232 morunt
1121 1172 1250 1244 Teuffel,
1284 1173 1397 1233 Annal.

275 1274 378 1352 philol.
401 1273 478 1333 XCV
500 1295 529 1352 p.
556 1277 594 1334 32
617 1293 671 1352 sq,
695 1274 831 1352 Langen,
864 1275 1059 1334 Commentat.
1082 1274 1120 1333 de
1143 1275 1397 1334 Menmchmorum

275 1377 408 1454 prologo,
431 1377 558 1436 Monast.
584 1377 675 1460 1823,
696 1377 842 1437 Dniataho
864 1381 895 1437 in
917 1379 1023 1437 huual.
1046 1377 1149 1455 philol.
1173 1377 1253 1434 cvn
1276 1397 1306 1454 p.
1332 1380 1396 1437 833

275 1499 350 1556 sqq,
374 1499 426 1539 nec
448 1481 551 1555 negari
572 1484 671 1558 potest
693 1499 739 1539 ιι.
763 1483 881 1553 7-16,
913 1467 1045 1555 63467,
1074 1482 1132 1539 alia
1154 1481 1266 1556 optime
1290 1480 1395 1538 abusa

275 1599 375 1656 posse,
415 1581 468 1640 sed
500 1582 577 1644 alias
603 1583 712 1658 ingenii
740 1601 803 1640 esse
837 1603 925 1660 quam
956 1583 1087 1659 reliqua'
1103 1602 1162 1641 uon
1195 1582 1301 1654 rideo,
1337 1603 1395 1642 nec

275 1682 397 1771 editoris
420 1689 465 1742 est
487 1703 605 1756 curare,
628 1689 662 1742 ut
684 1683 789 1745 histrio
807 1687 902 1746 minus
923 1687 1041 1762 ineptus
1064 1690 1222 1762 appareat,
1246 1704 1335 1761 quam
1360 1705 1395 1742 re

275 1805 346 1844 vera
368 1785 467 1845 fuerit.

346 1871 389 1946 ’1.
423 1882 575 1948 Aeduis
602 1887 707 1967 incipit
736 1895 770 1948 ut
793 1889 906 1949 Casino
926 1890 1081 1966 prologus,
1115 1887 1167 1946 aed
1189 1887 1238 1946 hie
1260 1887 1396 1964 qnidam,

275 1995 308 2047 ut
327 1987 473 2048 ridiculus
494 1992 541 2063 sit,
564 2011 624 2050 non
645 1991 863 2069 spectatoribus
882 1991 985 2064 solum,
1009 1989 1060 2049 sed
1081 1991 1170 2048 etiam
1188 1990 1246 2049 sibi
1264 1991 1396 2050 salutem

276 2095 368 2167 optat.
391 2121 434 2132 -
457 2093 484 2150 2.
507 2088 628 2165 amotio,
651 2113 678 2152 ι.
702 2093 818 2152 Curcul.
844 2095 913 2153 523.
937 2121 979 2132 -
1003 2093 1029 2152 6.
1060 2087 1096 2150 ia
1116 2086 1210 2150 cerba
1233 2090 1396 2169 conferam

268 2207 373 2268 pauc,
398 2194 434 2252 cl.
458 2193 547 2254 Poen.
575 2197 669 2254 1228:
697 2197 746 2270 „in
768 2215 862 2273 pauca
884 2191 1013 2254 conler“.
1036 2223 1076 2234 —
1100 2197 1128 2252 7.
1142 2189 1268 2277 Δίρκα.
1292 2195 1396 2271 Atque

275 2295 346 2370 hoo,
374 2297 484 2373 inquit,
508 2297 635 2373 primum
658 2297 769 2371 dicem,
800 2303 1005 2374 argumentum
1034 2316 1092 2356 non
1115 2297 1249 2354 Atticum
1271 2296 1324 2354 aed
1349 2295 1395 2355 si-

275 2399 370 2456 culum
394 2417 468 2458 esse.
514 2399 567 2457 His
589 2401 750 2477 praemissis
771 2419 799 2459 ι.
825 2401 863 2459 14
887 2419 922 2458 eo
944 2400 1036 2472 redit,
1059 2398 1137 2457 unde
1159 2396 1311 2474 digressus
1336 2403 1395 2470 est,

274 2500 312 2558 ad
335 2507 539 2574 argumentum
568 2501 774 2562 enarrandum.
829 2501 1008 2561 Bitscheliua
1033 2497 1160 2577 ,loqur
1188 2501 1324 2576 scripsit,
1363 2507 1396 2558 et

273 2601 341 2660 huic
370 2605 468 2662 versui
497 2605 665 2681 anteposuit
690 2624 737 2664 vv.
771 2605 909 2677 11—12;
943 2605 996 2663 aed
1024 2609 1091 2662 ante
1113 2602 1175 2660 hoec
1198 2621 1318 2679 quoqne
1342 2622 1393 2660 ex·

274 2704 381 2763 cidisse
410 2706 509 2782 aliqua
537 2706 683 2766 censebat.
739 2705 871 2780 Miller,
906 2705 1027 2766 Nachtr.
1057 2724 1085 2781 p.
1112 2705 1170 2762 128
1201 2723 1257 2780 pro
1284 2701 1394 2781 Atque

276 2805 372 2881 „Alii“
404 2809 508 2868 voluit.
575 2807 658 2880 Quod
686 2808 724 2868 ad
752 2828 813 2866 rem
843 2809 962 2882 attinet,
996 2827 1086 2883 quum
1114 2805 1209 2864 Greci
1239 2806 1392 2865 oomoedisr

275 2910 446 2969 recentioris
480 2915 575 2987 poetae
605 2911 779 2988 plerumque
807 2909 933 2970 Athenis
968 2913 1016 2984 agi
1048 2929 1096 2968 res
1128 2909 1295 2981 voluerint,
1329 2927 1392 2966 non

274 3032 390 3089 semper
411 3013 465 3072 hoc
488 3013 597 3072 la'otum
620 3033 700 3088 esse,
727 3013 774 3072 vel
796 3015 859 3090 ipae
881 3013 1004 3070 Plautus
1027 3011 1128 3084 docet,
1159 3013 1243 3069 cuius
1271 3015 1307 3068 ut
1326 3009 1393 3070 hoec

273 3113 375 3174 fabula
397 3115 571 3193 Epidamni,
604 3117 649 3174 ita
673 3115 850 3194 Amphitruo
877 3113 1001 3188 Thebis,
1037 3113 1151 3191 Captivi
1180 3117 1212 3169 et
1238 3111 1392 3170 Poenulus

274 3217 437 3292 Calydone,
477 3216 614 3277 Curculio
643 3217 803 3296 Epidauri,
842 3217 929 3276 Miles
957 3217 1081 3295 Ephesi,
1115 3214 1236 3274 Rudeus
1266 3214 1393 3291 Cyrenis

274 3321 388 3396 agitur;
412 3320 464 3378 sed
486 3321 581 3379 eidem
597 3321 704 3380 Plauto
727 3321 771 3378 ita
792 3323 892 3379 omnia
908 3321 1010 3379 Attica
1029 3317 1176 3391 ridentur,
1200 3323 1236 3375 ut
1255 3319 1288 3375 in
1311 3315 1388 3374 Poe-

273 3422 336 3481 nnli
363 3443 391 3481 ι.
417 3423 475 3482 369
505 3424 551 3482 sui
578 3422 688 3482 oblitus
716 3441 830 3480 servam
859 3421 1012 3498 Calydone
1038 3441 1126 3480 manu
1147 3423 1268 3480 missam
1295 3421 1389 3478 civem

274 3525 405 3584 Atticam
426 3524 491 3584 lieri
514 3523 603 3585 dicat.
627 3555 668 3566 -
692 3528 719 3584 9.
752 3519 820 3600 Quo
841 3519 936 3598 illud
963 3525 1069 3584 hiatus.
1112 3524 1148 3584 R.
1170 3542 1237 3582 oum
1259 3521 1388 3598 Pylade:
1486 3567 1487 3604 ,

277 3629 359 3700 ,Quo
382 3627 467 3686 uobis
488 3623 592 3686 illnd“.
616 3657 657 3668 -
687 3630 735 3688 10.
772 3621 891 3702 foebam
913 3623 1044 3701 dictito,
1072 3627 1156 3714 qnasi
1177 3645 1238 3685 non
1259 3624 1298 3682 de
1320 3623 1389 3682 ficto

274 3735 456 3807 argumento,
479 3730 533 3789 sed
554 3728 591 3787 de
612 3749 645 3792 re
667 3728 746 3788 facte
768 3733 819 3788 aut
840 3713 945 3789 saltem
964 3729 1001 3788 ab
1018 3731 1084 3787 aliis
1099 3733 1222 3787 narrata
1240 3731 1387 3801 agemhrr,
1486 3711 1487 3742 ³

275 3832 310 3891 cl.
333 3852 361 3890 ι.
381 3834 419 3890 22
440 3837 471 3890 st
487 3833 536 3891 46.
582 3831 691 3892 Contra
710 3832 835 3891 aliorum
854 3850 968 3890 errores
984 3831 1039 3890 hoo
1055 3831 1218 3890 vindicavit
1237 3828 1387 3901 Schwabe,
1486 3869 1487 3918 ἐ

273 3935 349 3994 Anu.
372 3935 445 4012 phil.
469 3933 518 3994 CV
538 3955 567 4012 p.
592 3936 663 3994 403.
713 3934 869 4007 Dniatalro,
891 3935 968 3993 Anu.
985 3933 1057 4010 phil.
1077 3931 1155 3991 CVII
1175 3952 1207 4010 p.
1226 3933 1287 3990 838
1316 3935 1389 4004 not,
1486 3979 1487 4006 ,

274 4056 377 4115 parum
405 4041 486 4094 recte
517 4057 552 4109 ,a
574 4036 679 4096 Plauto
701 4033 828 4096 dicitur“
859 4039 989 4095 enarrat.
1018 4063 1062 4074 -
1090 4035 1137 4093 11.
1171 4027 1277 4110 Atque
1302 4027 1388 4106 aden,
1486 4015 1487 4088 l

217 4209 221 4216 ⁴
276 4159 309 4198 ac
332 4159 410 4213 saue,
435 4143 465 4197 et
486 4138 615 4215 quidem,
638 4161 667 4199 ι.
680 4137 718 4197 ad
730 4137 814 4198 Cure.
829 4139 899 4198 333.
919 4167 960 4178 -
979 4137 1082 4196 tamen
1101 4137 1133 4194 in
1154 4136 1302 4213 principio
1322 4154 1390 4194 aen·

274 4243 384 4315 tentiae,
404 4247 439 4301 ut
455 4240 513 4300 Cio.
526 4240 593 4300 niv.
610 4242 641 4300 in
653 4239 749 4300 Caeoil.
764 4243 791 4315 6,
812 4242 861 4316 21,
879 4240 916 4300 al.
951 4237 1094 4311 (irsoum,
1113 4239 1164 4312 ait,
1183 4235 1390 4313 argumentum
