2982 5004
119 381 165 452 IV,
175 385 200 448 2,
210 385 331 437 89-100
581 381 768 463 'Menaechmi

583 521 772 636 Matrona

117 657 266 742 Egomet.
662 669 666 677 “

570 776 793 841 Peniculus

311 885 354 950 Et
377 906 444 968 ego.
489 886 597 969 Atque
619 884 696 948 huic
718 885 842 950 amicae
865 884 1010 951 detulisti
1032 887 1157 952 Erotio.

535 1038 822 1112 Menaechmus

117 1151 213 1232 Egon
237 1149 336 1214 dedi?

588 1255 773 1322 Matrona

310 1366 394 1444 -Tu,
417 1372 454 1431 tu
477 1366 562 1445 istic,
585 1366 730 1447 inquam.
775 1364 838 1430 Uin
861 1365 981 1432 adferri
1004 1375 1165 1444 noctuam,
1192 1387 1243 1439 640

118 1476 212 1554 Quae
235 1481 330 1540 tutu
354 1495 458 1557 usque
481 1473 571 1538 dicat
588 1473 673 1538 tibi?
703 1495 779 1538 nam
800 1495 860 1546 nos
885 1476 950 1540 iam
975 1475 1096 1541 defessi
1119 1457 1255 1565 sumus..

446 1611 449 1618 ’
533 1598 824 1694 Menaechmus

80 1766 84 1774 ¹
115 1740 182 1803 Per
192 1738 305 1802 Iouem
318 1738 462 1822 deosque
475 1738 580 1803 omnis
592 1737 717 1818 adiuro,
726 1759 863 1803 ¹uxor—
874 1740 960 1803 satin
972 1738 1035 1803 hoc
1048 1745 1097 1804 est
1108 1739 1242 1805 tibi?-

116 1848 192 1912 Non
217 1846 355 1912 dedisse.
603 1849 607 1856 '
738 1852 741 1864 ’
1054 1845 1062 1860 ’

572 1971 792 2038 Peniculus

402 2080 503 2146 Immo
526 2080 638 2147 hercle
660 2103 739 2190 uerq
762 2103 830 2160 nos,
853 2103 918 2146 non
940 2081 1058 2146 falsum
1081 2081 1199 2149 dicere.

539 2235 824 2303 Menaechmus

48 2402 53 2409 .
117 2346 185 2412 Sed
209 2346 381 2429 egoillam
402 2366 468 2410 uon
492 2345 686 2424 condonaui,
710 2343 768 2411 sed
792 2347 838 2410 sic
861 2339 1021 2411 utendem'
1040 2344 1125 2411 dedi.

588 2500 775 2566 Matrona
866 2560 867 2564 ,

118 2608 284 2692 Equidem
301 2616 429 2675 ecastor
444 2616 535 2675 tuam
553 2629 613 2674 nec
631 2608 834 2693 chlamydem
858 2609 899 2673 do
920 2609 1007 2673 foras
1029 2629 1089 2672 uec
1107 2607 1244 2692 pallium

77 2787 83 2800 ,
119 2716 306 2800 Quoiquam
330 2717 496 2783 utendum.
553 2717 723 2784 Mulierem
752 2719 924 2800 aequomst
953 2717 1185 2782 uestimentum

890 2825 1046 2890 nluliebre
1194 2842 1245 2895 646

29 3011 31 3014 ,
118 2934 209 2998 Dare
231 2932 329 3013 foras,
352 2935 458 3000 uirum
480 2927 586 3000 uirile.
632 2933 718 3012 Quin
739 2933 842 3000 refers
864 2933 986 3018 pallam
1010 2933 1165 2999 domum?

541 3088 826 3156 Menaechmus

2 3239 3 3242 =
122 3195 194 3280 Ego
217 3196 292 3262 faxo
315 3197 496 3263 referetur..

591 3325 779 3390 Matrona

182 3497 186 3504 ,
533 3434 583 3498 Ex
604 3455 640 3498 re
663 3439 731 3512 tua,
755 3437 792 3497 ut
815 3431 938 3515 opinor,
961 3431 1093 3512 feceris3

42 3622 46 3630 Ι
121 3541 209 3606 Nam
233 3543 364 3606 domum
387 3563 563 3624 numquam
586 3542 748 3622 introibis
770 3541 832 3606 nisi
854 3539 938 3605 feres
962 3541 1083 3624 pallam
1107 3542 1211 3607 simul.

89 3708 94 3719 ,
122 3651 173 3716 Εο
197 3650 337 3715 domum.

578 3769 794 3835 Peniculus

235 3878 319 3974 Quid
338 3878 418 3944 mihi
440 3855 630 3959 futurumst,
654 3879 710 3964 qui
731 3877 793 3942 tibi
816 3877 901 3944 hanc
924 3887 1056 3963 operam
1083 3878 1179 3942 dedi?
1197 3895 1249 3947 650

211 4119 264 4173 639
282 4117 425 4172 edetulisti
442 4118 470 4171 B
539 4120 591 4172 640
609 4117 687 4170 dedit
704 4119 735 4170 ut
752 4117 860 4171 isticG
922 4119 970 4171 641
991 4116 1201 4186 tutotusqueO

123 4221 176 4260 noa
195 4205 251 4258 iam
269 4201 322 4258 uos
391 4203 619 4258 molluscae
689 4204 741 4256 644
758 4203 798 4258 sio
812 4203 969 4258 eandamO
1037 4206 1087 4257 645
1106 4201 1250 4258 ctastorG

186 4289 336 4346 clamidem
407 4288 518 4343 delores
538 4285 560 4340 C
627 4291 678 4344 650
696 4287 755 4342 ΜΕ.
776 4289 838 4356 Ego
