2982 5012
277 363 340 424 200
759 355 923 412 Cistellaria

1462 351 1464 398 ι

1462 405 1464 474 l

1462 479 1464 536 l

276 552 398 628 aliquod
422 553 451 610 in
476 551 647 611 membrana
668 553 822 630 archetypi
846 553 919 624 iuit3
948 551 1002 610 sed
1024 551 1320 610 animadvertendum
1342 557 1388 618 est,
1463 545 1464 568 ¹

276 657 306 713 in
330 655 474 731 proximis
492 675 545 713 nec
562 651 655 713 modo
673 675 725 713 nec
743 655 905 731 perlectum
926 649 1040 713 obiecit
1056 655 1126 711 lerri
1146 675 1249 731 posse;
1273 673 1390 732 presens
1463 711 1464 734 p

276 763 393 833 tempus
417 758 597 832 requiritur-3
631 777 724 832 quare
755 758 855 832 polius
884 759 972 815 credo
1001 757 1093 814 rerba
1121 765 1190 814 ante
1216 756 1341 827 „oculis“
1365 758 1389 812 in

276 859 438 934 archetypo
460 879 565 935 parurn
594 859 672 917 clare
695 863 807 935 scripta
828 865 899 935 post
921 859 948 916 h.
973 878 1000 918 r.
1026 861 1136 917 iterata
1159 878 1236 930 oeae,
1268 860 1317 916 sed
1340 879 1389 915 non

276 961 338 1018 sine
362 979 473 1017 errore.
519 961 657 1019 Plautum
675 963 827 1037 scripsisse
847 961 991 1018 arbitror:
1018 961 1084 1032 „hic
1103 962 1176 1018 meis
1194 961 1285 1019 turba
1302 969 1389 1017 tamon

275 1083 306 1119 se
329 1061 423 1120 obicit
445 1061 568 1122 oeulis&
592 1093 634 1104 -
659 1067 729 1124 532.
747 1075 907 1138 prorsum,
933 1069 1034 1140 porro,'
1056 1082 1086 1121 r.
1110 1064 1148 1120 ad
1172 1063 1235 1120 Mil.
1258 1064 1391 1121 1186.—

275 1157 348 1223 hinc
369 1165 439 1223 olim
463 1164 661 1224 amendatum.
686 1196 727 1206 —
752 1169 823 1224 533.
855 1159 954 1242 liquet
974 1159 1031 1224 hoc
1052 1161 1152 1238 salis,·
1180 1163 1215 1222 al
1229 1163 1338 1240 iscripsi
1359 1164 1390 1220 de

276 1269 455 1324 coniectura.
511 1267 711 1326 Camerarius:
749 1269 798 1340 „hi
821 1271 871 1344 qui
901 1266 991 1326 sunt?
1025 1267 1134 1338 attat“,
1169 1269 1220 1325 ubi
1250 1273 1280 1325 et
1307 1269 1390 1324 inter·

277 1371 395 1445 rogatio
417 1389 537 1445 prorsus
561 1371 663 1446 inepta
686 1377 731 1427 est
754 1390 807 1428 nec
824 1371 994 1429 interiectio
1012 1376 1092 1448 apta,
1117 1391 1144 1429 v.
1157 1371 1194 1428 ad
1206 1370 1315 1446 Amph.
1328 1371 1389 1426 259.

276 1499 318 1510 -
350 1463 510 1544 ainqrrlrrm
542 1473 690 1549 singulari
720 1492 844 1530 nurnero
873 1473 963 1530 etlam
995 1473 1107 1530 Gellius
1131 1472 1212 1548 xlx,
1241 1475 1270 1544 8,
1303 1477 1329 1531 5.
1356 1501 1385 1510 -

276 1601 318 1614 --
342 1573 412 1631 534.
436 1568 508 1632 hino
530 1575 601 1632 olim
624 1595 678 1633 ern.
706 1605 739 1614 -
762 1577 832 1634 535.
856 1571 970 1634 Aetam
991 1590 1057 1634 rem
1079 1589 1146 1650 ayo,
1171 1575 1208 1633 cl.
1233 1577 1271 1634 ad
1294 1575 1389 1632 Pseud.

277 1678 348 1735 262.
372 1705 414 1716 -
436 1692 507 1734 curm
529 1675 646 1735 addidit
667 1678 780 1736 Acidal.

363 1781 423 1837 536
447 1799 512 1856 sqq.
543 1780 660 1838 iambici
684 1781 855 1856 septenarii.
885 1809 927 1820 --
959 1782 1029 1840 538.
1059 1782 1137 1839 Ante
1163 1775 1325 1839 Postremo
1346 1799 1390 1856 ap-

275 1886 362 1956 paret
372 1879 536 1938 desiderari
549 1901 607 1940 non
620 1883 710 1952 nulla,
724 1901 904 1958 quamquam
917 1883 1030 1942 librarii
1044 1903 1102 1942 nou
1114 1884 1388 1943 animadverterunt.

277 1983 389 2042 Horum
413 1989 529 2058 partem
554 1985 682 2061 aliquam
705 2005 740 2042 ex
763 1983 861 2041 Nonio
884 2007 912 2062 p.
937 1986 1014 2044 482:
1048 1986 1187 2056 „Plautus
1217 1986 1388 2045 Cistellaria:

276 2079 394 2144 malum
416 2079 517 2158 aufer,
541 2079 655 2146 bortum
677 2081 756 2144 milti
779 2103 858 2162 opus
880 2085 943 2146 esl“
970 2091 1105 2147 restituit
1122 2089 1294 2146 Gulielmue.
1327 2087 1389 2157 Qua

276 2193 390 2246 restant
412 2195 512 2246 utrum
536 2191 637 2247 eodem
656 2208 742 2248 versu
761 2210 933 2267 comprensa
952 2191 1071 2262 fuerint,
1096 2209 1133 2247 an
1154 2191 1278 2248 duorum
1295 2195 1389 2266 partes

276 2290 435 2362 affecerint,
459 2293 640 2366 ignoramus.
679 2292 815 2368 Exempli
834 2313 923 2351 causa
941 2293 1125 2368 scripserim:
1152 2293 1283 2366 „Malum
1300 2293 1388 2360 aulen

277 2394 385 2452 bonum
411 2397 450 2452 mi
473 2402 571 2471 opust.
621 2393 733 2451 Adearn
764 2415 801 2452 an
830 2415 888 2453 non
912 2395 1039 2453 adeam?
1074 2393 1226 2454 Postremo
1250 2395 1325 2465 ille“,
1347 2397 1388 2450 ral
1462 2467 1463 2472 ἵ

281 2497 382 2566 „abeo
428 2495 495 2554 Non
519 2498 602 2566 abeo,
626 2517 690 2553 narn
714 2497 887 2574 postremo“
913 2499 1022 2557 omisso
1048 2495 1147 2570 „ille“.
1165 2527 1206 2538 -
1226 2501 1294 2558 539.
1312 2491 1388 2572 plut,

277 2619 304 2655 v.
329 2597 367 2654 ad
391 2597 495 2656 Bacch.
524 2601 592 2655 188.
622 2629 663 2637 -
694 2601 764 2658 540.
799 2594 928 2672 uidisli;
964 2599 1196 2676 Lampadionem
1227 2603 1387 2678 alloquitur,

277 2720 303 2758 v.
318 2702 388 2758 551.
435 2700 512 2757 Malo
532 2701 656 2758 Bolhius
682 2702 851 2772 „uidistis“‚
874 2703 958 2778 quasi
982 2709 1165 2781 spectatores
1189 2705 1386 2780 alloqueretur.

277 2801 455 2879 Corruptum
482 2803 660 2879 „quaerere“
688 2805 791 2862 Douaa
813 2805 926 2862 irustra
949 2806 1105 2863 defendero
1129 2813 1258 2864 conatur
1283 2803 1387 2880 „acqui-

277 2903 361 2962 rere“
386 2907 597 2981 interpretans.
653 2905 815 2965 Lambinus
842 2907 997 2978 „suferre“
1031 2909 1174 2984 reposuit,
1213 2908 1265 2966 alii
1288 2899 1386 2965 tollere.

278 3037 315 3048 -
353 3009 421 3066 542.
457 3007 500 3065 Ne
523 3007 670 3067 secundus
697 3029 751 3085 pes
782 3017 951 3088 anapestus
978 3013 1030 3090 sit,
1065 3010 1156 3068 Weis.
1184 3015 1238 3078 „ut
1266 3003 1383 3067 dudum¹⁴

277 3113 411 3185 scripsit;
444 3113 539 3188 possis
573 3112 661 3170 etiam
699 3108 883 3184 „currimus“
919 3111 1057 3170 scrihere.
1093 3139 1134 3151 ·-
1175 3110 1260 3184 uita,
1294 3111 1329 3170 cl.
1355 3107 1385 3166 ad

276 3212 395 3270 Trucul.
421 3215 496 3272 513:
535 3234 599 3282 „me
628 3215 804 3273 interfecisti
834 3235 927 3290 paene
955 3216 1019 3272 uita
1041 3221 1072 3272 ot
1094 3212 1236 3272 lumine“.
1260 3243 1300 3254 -
1324 3213 1382 3272 543.

276 3305 475 3372 Interimeret
497 3315 583 3374 Both.
604 3347 643 3356 -
667 3317 815 3376 Lacunam
840 3320 882 3376 sic
898 3317 1049 3394 supplevit
1065 3316 1197 3374 Comen:
1225 3324 1304 3387 „tum
1326 3313 1385 3372 mihi

277 3421 349 3492 puto
372 3419 574 3492 praetimore
598 3419 645 3478 hic
668 3417 849 3493 excidisse“;
872 3441 925 3478 nos
948 3419 1038 3495 paulo
1061 3420 1212 3478 aliten-
1229 3423 1297 3478 544.
1322 3407 1387 3493 quill

277 3514 373 3587 eldat,
403 3513 567 3578 uideamus
595 3540 666 3595 ago;
702 3523 796 3581 Cam:
836 3523 935 3594 „Haec
965 3523 1072 3580 mulier
1100 3529 1205 3580 nostra
1234 3529 1292 3595 est;
1325 3521 1385 3596 quin

276 3640 396 3697 operam
420 3619 555 3681 damus“.
579 3649 620 3660 -
649 3626 719 3682 545.
751 3645 850 3696 „meae
873 3621 960 3682 erae“
986 3623 1066 3683 Cam.
1091 3631 1121 3682 et
1144 3624 1166 3682 B
1189 3627 1312 3682 fumasse
1334 3624 1386 3678 eius

278 3742 381 3796 manu;
414 3719 534 3795 „meae“
559 3743 616 3782 om.
642 3723 726 3785 Both.
757 3755 793 3766 -
827 3729 897 3786 549.
929 3725 1021 3803 siquo
1043 3726 1080 3787 ut
1101 3725 1188 3799 dicit,
1212 3729 1247 3785 cf.
1272 3727 1308 3784 ad
1330 3725 1385 3782 Cas.

278 3827 349 3884 291.
377 3855 419 3864 -
449 3828 519 3884 551.
555 3820 637 3885 alias
658 3843 710 3886 rea
729 3827 826 3903 peris,
854 3832 925 3906 quia
954 3850 1075 3888 aversus
1097 3849 1162 3888 oum
1186 3831 1257 3888 hera
1279 3849 1330 3887 sua
1350 3827 1385 3882 lo·
1460 3857 1461 3860 ι

277 3929 388 4002 quitur.
412 3959 453 3968 —
478 3930 550 3988 552.
573 3922 670 4000 tibur,
694 3933 729 3989 ci.
754 3932 790 3988 ad
815 3935 881 3990 dul.
909 3934 980 3991 529.
1025 3925 1110 4008 quod
1130 3931 1285 3990 relativum
1307 3927 1383 4006 paulo

276 4030 404 4089 solutius
426 4030 557 4103 additur,
581 4051 636 4090 nac
660 4041 758 4091 tamen
781 4033 848 4090 ideo
864 4031 979 4106 „ietuo“
994 4033 1190 4106 scribendum,
1215 4039 1249 4091 ut
1265 4031 1384 4090 lecerunt

277 4132 417 4205 aditores,
437 4152 465 4191 r.
479 4134 515 4191 ad
528 4134 636 4210 Amph.
651 4137 721 4194 959.
740 4165 781 4176 -
801 4139 870 4196 554.
889 4131 1195 4211 inpetrabtlascripam
1216 4135 1381 4212 superiores:

278 4238 412 4311 „impera
435 4244 465 4293 et
487 4231 551 4310 tu“,
581 4237 661 4313 quod
684 4239 756 4296 lerri
778 4257 837 4296 non
860 4245 979 4316 potest3
1014 4239 1150 4296 Mueller.
1176 4238 1254 4295 Pros.
1278 4256 1306 4311 p.
1329 4229 1379 4292 354
