2982 5004
605 361 787 445 Menaechmi.
826 409 828 420 ¹
997 452 1002 462 ,
1191 399 1249 458 189
1276 385 1282 398 ’

549 581 829 646 Menaechmus

418 693 487 756 lam
510 677 628 773 nequer
650 697 698 770 te3
722 690 808 754 huno
832 690 906 753 uolo
929 690 1028 754 otiam
1051 691 1212 776 conloqui.

126 800 208 870 Eho,
233 801 403 879 Messenio,
427 799 645 866 ndoedovbuo.

589 953 790 1018 Messenio

693 1060 779 1137 Quid
802 1063 913 1144 negoti
937 1063 1009 1126 est?

554 1227 828 1292 Menaechmus

968 1437 975 1448 ἢ
1056 1337 1207 1404 Subsili..

591 1467 792 1533 Messenio

130 1579 218 1657 Quid
243 1601 281 1644 eo
305 1577 423 1661 opust?

368 1718 370 1726 ’
551 1709 828 1772 Menaechmus

438 1833 528 1917 Opus
552 1839 611 1914 est,
636 1835 752 1918 scitum
776 1855 827 1897 me
851 1833 963 1900 dieas»

592 1987 793 2052 Messenio

866 2091 885 2144 -'
975 2075 1080 2162 Tanto
1103 2098 1251 2180 nequior.

444 2263 447 2270 ’
559 2260 835 2326 Menoeobmoo

133 2388 247 2453 Habeo
271 2387 593 2471 praedamnantem
615 2389 722 2469 incepi
746 2367 864 2470 opolie
905 2388 929 2466 Ι,
953 2393 1110 2472 quantum
1135 2395 1253 2472 potest.

133 2497 248 2562 Abduc
271 2498 352 2562 istos
374 2497 409 2561 in
431 2495 601 2560 tabernam
625 2502 773 2560 actutum
798 2496 1032 2575 diuo'reoriam3
1205 2513 1256 2566 425

131 2606 180 2669 Tu
204 2605 304 2670 facito
327 2611 403 2671 ante
427 2604 528 2669 solem
552 2624 704 2670 occasum
727 2611 764 2667 ut
787 2606 899 2667 uenias
923 2604 1100 2670 eduorsum
1123 2604 1210 2670 mihi.

594 2779 795 2846 Messenio
837 2808 841 2818 ·
897 2849 900 2856 ,

132 2891 206 2957 Non
230 2896 264 2955 tu
289 2891 371 2955 istae
395 2889 582 2994 meretrices
605 2889 736 2968 nouieti,
761 2909 824 2954 ere.

554 3065 836 3133 Menaechmus

876 3173 961 3238 Tace
984 3175 1125 3256 inquom,
1152 3225 1158 3238 .
1184 3227 1190 3239 .
1350 3239 1352 3244 .

25 3277 28 3284 ’
134 3283 217 3350 Mihi
240 3283 374 3364 dolebit,
396 3304 462 3347 non
483 3282 554 3360 tibi,
578 3283 605 3345 ei
629 3283 707 3364 quid
732 3303 790 3364 ego
815 3283 913 3348 stulte
936 3283 1053 3348 fecero.

134 3393 254 3458 Mulier
271 3391 352 3456 haeo
369 3392 470 3456 stulta
487 3397 585 3475 etque
604 3391 764 3455 insoitast.
800 3389 964 3466 Quantum
984 3393 1136 3474 perspexi
1148 3391 1255 3496 niodo,
1326 3418 1330 3428 ·

133 3501 270 3566 Esthie
292 3500 417 3584 praeda
438 3500 540 3566 nobie.

595 3653 796 3719 Messenio
890 3725 892 3732 ,

555 3762 657 3842 Perii3
681 3764 786 3827 iamne
811 3763 905 3827 abis?
951 3763 1052 3827 Periit
1076 3763 1187 3846 probe.
1206 3781 1258 3834 430

137 3921 260 3928 *μμ--

222 4025 274 4078 422
291 4023 373 4078 MES.
392 4039 441 4079 om.
460 4023 487 4078 B
556 4025 662 4090 negotii
682 4031 725 4077 eet
743 4023 859 4078 enoeoiri
928 4025 977 4076 423
996 4022 1068 4090 Quid
1087 4040 1140 4091 ego
1160 4038 1216 4092 opu
1235 4026 1257 4078 si

135 4127 206 4181 opne
226 4114 269 4163 eet
287 4109 344 4162 seio
363 4114 456 4163 utine
476 4109 551 4162 dicos
605 4111 739 4177 nequiore
758 4111 792 4174 B,
811 4125 862 4162 neo
881 4107 1046 4178 quioremC
1097 4111 1146 4162 424
1164 4110 1258 4177 operis

136 4202 165 4250 et
184 4199 318 4263 qnantum
337 4199 419 4263 potos
493 4195 543 4247 425
563 4195 752 4248 deuersorinm
772 4194 794 4248 (l
860 4196 910 4248 426
929 4185 1017 4248 eolis'
1064 4195 1114 4246 428
1134 4195 1202 4248 stult
1220 4192 1256 4262 B,

135 4279 236 4334 seule
301 4281 352 4333 429
369 4281 452 4333 innita
470 4285 512 4334 oet
580 4283 631 4334 430
647 4280 735 4338 Peri,
1068 4284 1071 4292 '
