2976 5018
587 361 620 417 v.
638 363 782 416 cci-coi.
1191 367 1251 429 167

122 558 268 629 latorum,
292 579 319 616 v.
345 559 406 617 889
430 576 474 633 sq.
523 552 671 635 Aequum
698 549 852 617 urbitium
881 575 912 615 se
935 557 977 615 ait
998 577 1064 616 cum
1088 577 1123 616 eo
1146 561 1251 635 captu·

122 681 205 731 rum3
245 659 349 718 suatim
382 664 481 718 sutem
513 660 643 737 intelligi
675 660 829 736 proximus
862 677 964 718 versus
1003 659 1152 731 ostendit,
1192 679 1252 719 non

122 763 218 822 multo
243 763 333 822 aliter
355 783 388 820 nc
410 762 529 821 Trncul.
554 764 626 822 690.
672 758 761 820 θωίνα
783 754 963 820 considium
984 758 1117 819 Studam.
1137 781 1167 838 p.
1189 762 1251 820 987

121 885 157 924 cx
176 864 208 921 'A
231 865 343 941 elicuit,
366 885 433 923 nam
456 865 592 940 quintam
615 865 744 922 nominis
767 864 899 922 litteram
922 881 1041 922 necesse
1064 881 1130 922 cese
1152 867 1206 922 sut
1226 861 1252 920 E

122 971 174 1026 ant
197 966 212 1024 I
234 967 336 1026 luisse.
390 959 579 1026 Considium
602 971 715 1038 sutem,
745 985 811 1043 quae
833 984 891 1024 vox
914 964 986 1024 alibi
1008 984 1068 1023 non
1091 969 1205 1038 exstat,
1235 984 1253 1022 o

121 1069 306 1129 considendo
328 1071 496 1142 formatum,
521 1069 602 1146 quod
625 1070 749 1146 proprio
772 1067 903 1144 quodam
926 1067 1014 1126 modo
1037 1067 1074 1126 ds
1102 1065 1252 1125 iudicibus

121 1173 243 1244 dicitur,
267 1191 294 1230 v.
318 1171 438 1231 Seston.
463 1171 555 1248 Galig.
581 1173 635 1244 38,
670 1190 837 1230 consessum
866 1169 915 1228 vel
943 1170 1098 1228 consilinm
1120 1169 1252 1228 iudicum

120 1277 349 1352 interpretetur.
394 1275 460 1335 Non
488 1275 627 1333 sollemni
654 1279 687 1331 et
713 1273 848 1350 legitimo
870 1273 981 1331 iudicio
1005 1271 1147 1331 (lhnlinns
1177 1291 1252 1350 opus

121 1397 187 1436 seso
211 1377 271 1448 ait;
305 1375 421 1436 arbitro
448 1378 568 1453 privato
596 1395 627 1436 se
658 1380 830 1434 contentum
852 1395 926 1434 esse.
949 1401 992 1414 -
1015 1377 1075 1434 889
1099 1395 1136 1434 ex
1157 1376 1185 1433 A
1206 1393 1250 1432 ra·

122 1479 223 1537 stituit
245 1477 440 1538 Stndamnnd.
463 1478 824 1554 Ind.achol.(irypl1iew.
848 1480 1015 1539 1871-79
1037 1497 1067 1555 p.
1090 1479 1137 1550 16,
1161 1482 1192 1536 et
1215 1495 1252 1535 ax

121 1581 220 1639 Nonio
243 1601 273 1658 p.
298 1583 316 1638 7
326 1605 332 1638 :
370 1580 558 1654 „Deliaccare
582 1588 627 1640 eat
649 1587 792 1656 atterere,
828 1587 955 1641 trecium
986 1601 1004 1639 o
1031 1580 1165 1638 vestibus
1187 1580 1252 1639 sine

121 1681 224 1742 flacco.
271 1682 395 1742 Plautus
418 1685 448 1741 in
472 1682 592 1744 Casina:
628 1685 712 1743 Perit
732 1685 826 1744 flacco
849 1683 972 1744 habebit
994 1685 1053 1742 inm
1075 1683 1139 1741 illic
1161 1681 1250 1740 homo

122 1785 240 1844 lumbos
263 1781 374 1845 mcos“.
425 1785 504 1844 Vera
527 1788 607 1846 vocis
630 1788 727 1846 forma
749 1792 848 1846 exstat
869 1787 959 1864 Epid.
984 1787 1061 1845 614:
1099 1784 1177 1858 „dno
1201 1783 1251 1842 de-

121 1889 239 1948 floccati
271 1886 385 1947 senes“.
423 1917 459 1928 ·—
505 1891 574 1948 890.
610 1882 865 1966 lumbifrcyitom,
898 1891 934 1948 cl.
964 1889 1072 1965 Amph.
1102 1889 1174 1947 450.
1210 1915 1251 1926 -

124 1993 196 2050 891.
221 1990 316 2062 Quom
329 1990 508 2065 Lysidamns
526 1991 643 2050 (lhalini
660 1992 769 2051 instem
792 1998 928 2052 metucns
945 1995 976 2052 in
994 1992 1118 2050 alteram
1134 1996 1252 2068 partem

123 2093 265 2170 aufugero
298 2099 440 2165 conetur,
473 2113 549 2153 uxor
582 2095 609 2152 ei
637 2095 776 2154 occurrit.
829 2093 876 2153 Sic
904 2097 935 2153 in
965 2095 1090 2172 ancipiti
1117 2091 1252 2168 periculo

123 2201 274 2268 serantur,
309 2191 391 2254 inter
417 2210 543 2256 socium
571 2211 758 2274 saccumque,
792 2217 819 2257 v.
844 2196 882 2255 ad
905 2197 991 2275 Capi.
1017 2199 1089 2254 611.
1114 2225 1155 2235 -
1178 2195 1250 2254 893.

123 2293 193 2356 Hac
216 2291 292 2372 isitii,
315 2291 375 2358 hoc
395 2313 495 2372 ccccc,
520 2300 645 2358 altarum
663 2300 864 2377 proverbium,
888 2300 924 2357 ol.
937 2299 1011 2359 Hor.
1025 2299 1087 2358 Sat.
1100 2297 1139 2368 Π,
1153 2298 1181 2369 9,
1195 2297 1251 2354 64:

126 2400 209 2473 „Hac
232 2406 319 2475 urget
341 2403 443 2479 lupus,
474 2401 528 2461 hac
551 2403 647 2477 canis,
678 2401 792 2462 aiunt“.
817 2431 858 2442 -·
886 2415 1001 2461 scaeua
1028 2420 1115 2460 omen
1146 2404 1200 2475 eat,
1223 2419 1250 2457 v.

124 2501 161 2560 sd
183 2501 276 2561 Stich.
300 2506 372 2564 463.
407 2505 452 2564 Ab
476 2509 605 2582 utraque
627 2511 723 2583 parte,
746 2511 778 2563 ct
800 2525 817 2564 a
839 2505 962 2564 canibus
984 2508 1015 2562 et
1038 2503 1162 2581 alupis,
1186 2503 1205 2561 i.
1226 2521 1251 2560 c.

124 2609 155 2662 st
175 2606 213 2664 eb
231 2624 323 2664 uxore
343 2613 374 2666 et
392 2628 411 2666 c
427 2626 524 2680 serso,
541 2608 652 2678 malum
669 2607 726 2666 sibi
744 2606 887 2684 portendi
904 2609 956 2667 ait.
970 2637 1010 2648 -
1028 2608 1099 2665 894.
1123 2605 1252 2664 Lacuna

124 2709 299 2786 supplendae
326 2729 416 2769 censa
443 2709 614 2787 Gappertne
645 2708 833 2786 „usurpabo“
860 2713 982 2788 scripsit
1014 2715 1049 2768 ut
1076 2708 1147 2767 (liet.
1179 2709 1251 2766 330.

125 2809 183 2869 Sed
211 2812 292 2888 qnod
320 2818 365 2872 ast
392 2813 448 2871 hoc
477 2813 600 2872 verbnm
623 2811 731 2871 vetus?
764 2831 832 2870 nsm
858 2811 932 2886 „hac
954 2809 1022 2871 ibo“
1047 2813 1091 2870 sic
1112 2810 1171 2869 dici
1193 2828 1252 2888 non

124 2918 232 2990 potest.
290 2912 365 2972 Mihi
398 2914 517 2990 qnidam
547 2915 612 2974 lieri
642 2935 701 2974 non
729 2933 817 2992 posse
845 2916 979 2988 videtur,
1010 2920 1045 2972 nt
1072 2934 1100 2972 v.
1126 2914 1186 2972 893
1212 2911 1249 2968 ab

126 3017 184 3074 895
209 3021 374 3093 separetur.
430 3017 462 3076 Si
490 3037 595 3078 versus
622 3017 770 3094 genuinus
798 3021 857 3092 est,
892 3019 1059 3076 necessario
1088 3019 1157 3075 ente
1188 3015 1248 3073 893

124 3117 278 3195 ponendus
301 3125 361 3191 eat3
385 3121 521 3198 supplevi
545 3125 642 3178 eutem
665 3134 775 3180 uerum
797 3115 932 3193 inuenio
961 3119 1041 3196 qnod
1065 3119 1159 3192 magis
1181 3137 1250 3176 con·

124 3223 205 3279 venit
227 3240 294 3280 cnm
316 3225 414 3298 spatio
437 3223 634 3302 palimpsesti.
662 3251 706 3263 -
739 3225 810 3282 896.
846 3217 1075 3295 districtim,
1104 3223 1124 3279 i.
1149 3239 1173 3279 6.
1197 3221 1251 3297 qui

125 3329 209 3382 extra
239 3323 361 3382 domum
388 3327 610 3384 matrimonium
640 3325 775 3401 quaeris;
809 3344 873 3385 voc.
896 3325 953 3383 hoc
974 3343 1034 3384 nnc
1062 3326 1127 3383 loco
1149 3323 1250 3380 inven-

124 3431 196 3483 tum.
222 3455 263 3466 -
286 3422 480 3488 cavornaco
502 3429 597 3486 A.-
622 3429 694 3487 897.
716 3424 857 3502 scipione
880 3427 948 3486 edd.
984 3428 1071 3486 Viros
1089 3428 1119 3484 in
1138 3424 1251 3483 Gracia

123 3529 213 3605 vulgo
236 3530 383 3606 scipiones
405 3531 467 3589 sive
489 3529 612 3588 baculos
642 3531 771 3606 gessisse
796 3535 929 3604 constat,
958 3531 995 3588 cf.
1019 3547 1085 3607 quie
1107 3525 1196 3586 attuli
1219 3525 1250 3582 in

124 3630 207 3688 Actia
234 3630 342 3690 Sccict.
375 3632 480 3691 Danic.
513 3630 621 3692 Sciant.
649 3632 694 3691 Ill
726 3627 835 3710 (1868)
868 3655 896 3712 p.
930 3635 1001 3692 203.
1035 3661 1076 3674 -
1103 3622 1248 3706 pallium.

124 3731 283 3812 Gsppcrt.:
321 3731 466 3811 „pallio“;
499 3735 553 3794 aed
575 3738 716 3794 attractio
739 3737 839 3796 nascio
862 3757 900 3796 an
923 3737 996 3794 ferri
1019 3735 1136 3806 debeat,
1159 3754 1188 3792 v.
1212 3731 1251 3792 ad

124 3833 215 3894 Mero.
240 3836 311 3894 997.
346 3865 387 3878 -
422 3839 483 3896 898
517 3836 681 3913 Myrrhina
708 3837 793 3897 dedit
821 3838 1024 3910 camararium
1057 3837 1249 3910 Jocrgensen.

124 3935 248 3998 Chalino
270 3939 385 3997 maluit.
439 3933 629 3998 moechissat
654 3941 814 4000 formatum
842 3941 926 4018 qussi
955 3942 1116 4015 εμοιχίζω,
1145 3955 1248 4013 quem·

125 4059 212 4117 qnam
234 4041 331 4101 Greci
354 4045 455 4119 potina
476 4041 577 4116 μοιχᾶν
600 4048 631 4100 et
652 4043 788 4116 μοιχεύων
810 4043 923 4116 dicunt,
948 4041 1073 4100 Rcmsni
1090 4038 1247 4098 moechari.

124 4143 294 4205 Transitive
316 4145 406 4203 etiam
430 4144 468 4202 ad
491 4143 662 4204 Graecorum
686 4164 797 4203 moram
819 4148 952 4223 ponitur.
976 4171 1019 4186 -
1042 4144 1113 4201 899.
1140 4136 1250 4202 Occidi

124 4251 154 4303 ct
174 4240 201 4305 I
214 4242 249 4305 ici
269 4250 306 4306 A.
327 4276 365 4286 -
386 4248 457 4305 901.
481 4261 563 4323 cryc,
588 4267 623 4304 cx
647 4266 747 4306 errore
769 4247 918 4306 scribendi
941 4253 1049 4318 ortum,
1072 4245 1185 4302 omittit
1208 4244 1245 4315 A,
