3030 5050
123 395 142 460 Ι,
160 399 261 450 31-32
626 399 734 453 Casina.

123 583 280 666 [Postilla
305 587 341 650 u't
365 609 493 672 semper
516 589 675 673 inprobus
698 587 856 670 nihilique
881 585 939 669 sis]

122 691 234 758 Postid
256 693 411 776 locorum,
434 698 565 780 quando
588 696 631 761 ad
654 697 768 762 uillam
791 697 931 766 ueneris,

123 801 261 867 Dabitur
284 805 344 868 tibi
367 805 526 888 amphora
548 826 614 870 una
638 815 671 870 et
694 826 760 870 una
783 805 879 883 seria,

122 909 205 976 Fons
229 933 321 988 unus,
344 934 442 976 unurn
467 913 604 978 ebenum
629 921 663 980 et
685 920 759 978 coto
782 912 885 992 dolia3

122 1017 210 1095 Quae
232 1021 294 1085 nisi
318 1029 416 1086 erunt
438 1043 567 1105 semper
590 1021 695 1106 plena,
719 1043 778 1104 ego
801 1030 834 1088 te
857 1022 990 1105 inplebo
1012 1020 1133 1104 flagris.

120 1127 168 1190 lta
189 1135 223 1192 te
247 1127 436 1206 adgerunda
459 1151 594 1195 curuum
618 1151 704 1214 aque
728 1131 846 1197 faciem
869 1132 980 1216 probe,

121 1234 163 1300 Ut
186 1236 351 1319 postilena
373 1239 480 1320 possit
503 1259 542 1303 ex
565 1245 597 1302 te
619 1238 700 1304 fieri.

120 1343 197 1408 Post
219 1351 339 1424 autem,
361 1347 430 1410 ruri
453 1347 515 1411 uisi
539 1355 574 1410 tn
597 1354 655 1412 aut
677 1368 785 1412 ernom
810 1348 916 1413 ederis

121 1453 183 1516 llut
205 1455 301 1536 quasi
325 1454 502 1519 lumbricus
524 1462 656 1533 terram,
679 1457 765 1539 quod
790 1465 824 1522 tc
848 1456 992 1538 postules

120 1561 260 1626 Gustare
283 1561 472 1645 quidquem,
495 1584 673 1647 numquam
696 1564 811 1649 edepol
833 1564 989 1629 ieiunium

119 1669 266 1735 lsiunum
288 1677 339 1734 est
361 1690 465 1753 aeque
488 1679 587 1754 atque
612 1693 671 1753 ego
695 1680 728 1737 ts
750 1675 819 1737 ruri
841 1671 989 1738 reddibo.

121 1778 199 1842 Post
220 1779 265 1856 id,
289 1799 387 1862 quom
410 1779 519 1844 lassus
541 1779 641 1844 fueris
665 1787 698 1845 et
720 1781 896 1853 famelicus,

120 1885 227 1951 Noctu
249 1895 287 1951 ut
309 1887 466 1966 condigne
490 1899 522 1952 ts
546 1886 654 1967 cubes,
679 1888 859 1954 curabitur.

580 2107 776 2177 Obabnus

25 2271 26 2274 η
121 2218 203 2296 Quid
226 2221 351 2285 facies?

585 2379 769 2464 Olympio

386 2509 588 2575 Concludere
610 2511 643 2575 in
667 2511 846 2577 fenestram
867 2509 1014 2588 firmiter,

122 2616 211 2684 Unde
236 2618 423 2684 auscultare
447 2619 564 2702 possis,
588 2639 685 2702 quom
709 2639 769 2702 ego
793 2618 881 2684 illam
906 2618 1042 2699 osculer,

120 2724 221 2801 Quom
246 2726 324 2792 mibi
347 2727 406 2792 illa
428 2726 531 2792 dicet:
557 2725 621 2806 „Mi
644 2728 797 2805 animule,
821 2729 864 2792 mi
889 2725 1048 2811 Olympio,

120 2833 191 2899 blea
212 2838 294 2914 uite,
317 2857 390 2900 mea
412 2835 557 2914 mellille,
580 2856 652 2900 mea
675 2836 849 2914 lestiuitas,

121 2942 194 3009 Sino
216 2952 293 3010 tuos
315 2943 436 3010 ocellos
460 2943 640 3024 deosculer,
665 2945 820 3028 uoluptas
842 2966 924 3009 mea.

121 3049 193 3116 Sine
215 3073 297 3119 uero
320 3055 424 3117 amari
447 3059 490 3130 te,
514 3073 605 3118 meus
629 3053 732 3119 festus
756 3053 836 3124 dies,

120 3156 208 3226 Meus
232 3159 342 3244 pullus
364 3181 488 3244 passer,
512 3181 586 3225 mea
609 3161 772 3242 columbe,
796 3164 839 3226 mi
863 3164 985 3245 lepus.“

121 3264 221 3343 Quom
245 3269 323 3335 mihi
346 3269 428 3335 haec
450 3269 600 3334 dicentur
622 3271 721 3349 dicta,
744 3276 813 3335 tum
837 3277 882 3338 tu,
907 3270 1050 3349 furcifer,

120 3375 216 3454 Quasi
240 3400 313 3444 mus
336 3380 369 3443 in
392 3377 500 3444 medio
525 3379 652 3461 pariete
675 3378 860 3444 uorsebere.
1191 3393 1240 3446 140

202 3707 252 3758 119
269 3703 370 3772 nihilq;
389 3703 427 3757 sis
445 3702 509 3768 Bu,
528 3703 613 3758 nichil
634 3705 671 3756 sis
689 3705 757 3772 q.1
824 3705 966 3758 taculum
984 3703 1061 3759 BIE
1130 3703 1174 3756 121
1196 3719 1238 3757 se·

568 3800 583 3828 u

121 3839 184 3892 mita
252 3843 302 3894 122
320 3858 418 3895 aenum
483 3843 532 3894 124
549 3857 663 3894 cornum
687 3841 712 3905 Ι,
732 3859 864 3895 curruum
883 3841 913 3895 Ε
983 3843 1030 3894 136
1049 3841 1102 3894 nisi
1119 3841 1177 3894 ruri
1195 3839 1243 3894 ΙΕ

200 3935 231 3981 tu
250 3944 351 3981 aceruo
369 3927 489 3980 mederis
562 3929 610 3980 129
628 3927 744 3980 inunum
763 3930 796 3994 A,
816 3928 948 3981 ieiunium
968 3926 1042 3982 BIE
1108 3926 1244 3981 rediboI
1267 3936 1269 3942 '

125 4011 168 4064 130
185 4011 322 4068 lamelitus
341 4012 370 4067 Ε
453 4014 500 4066 133
518 4011 598 4068 Unde
617 4019 647 4066 tu
667 4013 692 4065 Α
776 4015 944 4068 obsculorI
1033 4013 1081 4065 134
1099 4012 1175 4066 dicet
1193 4013 1241 4067 IE

124 4099 168 4150 135
185 4101 242 4152 uita
261 4099 414 4153 mallilluI
543 4101 590 4152 136
609 4098 774 4152 deobseuler
792 4100 812 4153 1
941 4102 989 4154 137
1008 4098 1074 4152 Siue
1093 4100 1193 4152 amabo
1212 4104 1240 4152 te

125 4187 201 4238 amsri
219 4185 295 4240 ΒΙΕ
365 4186 414 4240 138
432 4186 523 4255 puluis
541 4185 572 4240 Ε
660 4187 708 4237 140
726 4201 872 4240 usrseuers
891 4185 921 4240 Ε
