3030 5022
790 391 881 446 Plauti
1164 391 1397 462 lunarat—rer

439 623 453 650 ι
670 629 674 638 .
759 579 912 646 Tranio

437 685 523 770 Ergo
545 687 687 754 inridere
709 673 750 753 ne
772 687 908 754 uideare
930 695 965 768 et
985 691 1106 772 gestire
1129 689 1314 770 admodum,

256 795 352 877 ¹Noli
375 793 484 860 faeere
508 797 705 861 mentionem
726 797 785 862 ted
805 797 930 862 emisse.
1116 781 1129 808 ⁸

676 927 999 1011 Theopropides
1051 995 1055 1004 ,

975 1035 1143 1117 Intellego,

276 1139 320 1206 Et
342 1140 423 1206 bene
446 1143 604 1207 monitum
629 1141 712 1206 duee
735 1148 834 1226 atque
858 1163 927 1210 esse
951 1145 1111 1210 existumo
1129 1143 1264 1208 humani
1279 1145 1401 1228 ingeni.

788 1271 890 1338 Simo
1234 1339 1241 1352 ,

276 1377 361 1456 Qud
384 1381 491 1444 nuno?
536 1377 622 1456 Quin
647 1387 681 1445 tu
706 1380 734 1446 is
765 1381 874 1445 intro?
903 1389 1002 1466 etque
1026 1383 1130 1446 otiose
1155 1389 1338 1466 perspecta,
1363 1389 1402 1447 ut

1041 1483 1142 1555 lubet.
1351 1507 1405 1560 800

762 1595 911 1662 Tranio

277 1701 365 1767 Bene
389 1702 590 1788 benigneque
613 1702 813 1769 arbitreris
836 1703 953 1788 facere.

785 1845 891 1910 Simo

898 1941 901 1948 ⁵
991 1953 1129 2018 Tectum
1151 1951 1267 2037 edepol
1291 1955 1381 2020 uolo.

763 2061 911 2128 Tranio

276 2167 384 2233 Uiden
399 2167 598 2234 uestibulum
611 2176 687 2234 ante
700 2167 790 2234 aedis
803 2169 866 2234 hoe
878 2175 911 2234 et
922 2167 1156 2248 ambulacrum,
1170 2143 1403 2252 quoiusmodil

629 2367 633 2378 ,
683 2298 990 2382 Theopropides

281 2403 496 2472 Luculentum
519 2406 634 2490 edepol
658 2406 813 2489 proiecto.

771 2539 919 2604 Tranio

714 2643 729 2680 ⁰
813 2647 881 2729 Age
904 2653 1017 2730 speetu
1039 2647 1154 2730 postis,
1179 2647 1402 2730 quoius'modi,

278 2749 408 2828 Quanta
430 2750 585 2818 firmitate
608 2753 687 2818 faeti
710 2759 744 2819 et
767 2762 893 2838 quanta
916 2753 1143 2820 crassitudine.

632 2869 991 2969 'Theopropides
1129 2871 1134 2882 ⁸
1230 2843 1234 2852 ι

276 2989 351 3056 Non
373 2990 492 3058 uideor
514 2990 636 3057 uidisse
659 2993 766 3076 postis
789 2993 979 3077 pulcriores.

786 3124 892 3190 Simo
1493 3185 1494 3198 ,

1042 3230 1100 3295 Pol
1122 3229 1202 3296 mihi
1354 3247 1402 3302 805

275 3335 322 3400 Eo
347 3338 453 3420 pretio
478 3338 579 3421 empti
601 3337 733 3404 fuerant
754 3339 840 3404 olim.

763 3470 915 3536 Tranio
945 3469 949 3478 ’

888 3577 996 3643 Audin
1019 3577 1167 3644 'furerent’
1191 3576 1320 3642 dicere?
1437 3594 1451 3626 ἰ

1429 3610 1443 3662 l

207 3705 212 3716 ·
275 3681 338 3747 Uin
360 3683 493 3749 uidetur
514 3686 680 3750 continere
702 3685 867 3752 lacrimas.
1174 3765 1178 3774 ι
1406 3665 1445 3776 l

1399 3780 1440 3818 ’Ἠ

360 3923 410 3977 707
428 3929 457 3976 st
474 3937 523 3977 om.
543 3920 570 3975 B
616 3889 690 3976 '798
708 3929 737 3977 te
807 3924 859 3978 ⁷99
877 3940 906 3978 se
959 3909 1074 3994 ingenio
1143 3923 1194 3976 800
1213 3919 1286 3989 Quid
1304 3923 1400 3977 nuno?

275 4006 315 4060 s1.
335 4009 403 4076 quin
423 4013 460 4061 tu.
480 4007 535 4062 TR.
554 4009 579 4062 is
649 4009 698 4061 801
717 4009 838 4077 benique
909 4007 950 4062 Sl.
972 4025 1021 4064 om.
1093 4005 1267 4076 Sequuntur:

310 4092 336 4148 S.
357 4091 411 4149 Uin
430 4094 478 4162 qui
495 4093 665 4163 perductet?
693 4093 727 4148 H.
748 4111 836 4163 apage
853 4094 939 4148 istum
958 4093 1164 4164 perductorum,
1182 4109 1239 4146 nou
1257 4092 1363 4162 plausa

309 4179 335 4234 8.
355 4178 429 4248 Quid
447 4179 511 4233 est?
539 4178 573 4232 H.
592 4180 692 4232 errabo
711 4181 805 4249 potius
825 4197 908 4249 quam
925 4179 1076 4249 perductet
1093 4178 1239 4248 quispiam.

273 4266 324 4318 800
343 4264 516 4333 amplscrum
569 4265 621 4318 804
638 4261 725 4331 Quam
742 4263 770 4318 B
823 4267 874 4318 806
892 4263 1078 4320 Autenfuerat
1094 4263 1130 4331 Β,
1150 4267 1199 4318 sut
1215 4260 1342 4318 iniusret
1360 4261 1382 4315 0

488 4739 661 4879 N
757 4751 785 4870 3
