2982 5012
226 391 265 451 63
601 459 612 484 ·
741 385 833 440 aranu
957 377 1047 442 '.
1166 385 1353 452 ram-ea
1442 415 1449 429 ·

675 576 702 639 Δ
738 573 900 639 oecides

225 683 372 760 Quamne
395 682 499 748 hodia
516 703 574 766 per
588 597 868 766 'nrbempnterque
892 702 1005 747 sumus
1029 681 1148 748 defessi
1165 683 1356 772 quaerere?

686 819 885 908 Epidicus

225 933 295 1014 Ego
319 953 390 998 sum
413 931 560 998 defessus
582 931 736 1016 reperire,
759 951 819 995 nos
843 929 963 996 ‹lefessi
987 951 1166 1016 quaerere·

481 1159 488 1174 ·
657 1071 911 1156 Periphanes
944 1031 947 1038 ›

225 1181 311 1260 Quid
333 1182 390 1247 isti
413 1183 517 1247 oratis
540 1189 639 1266 opere
661 1179 779 1246 tanto?
823 1179 879 1246 Sic
900 1178 1059 1244 meruisse
1080 1180 1249 1268 intellego,

224 1289 268 1354 Ut
287 1289 385 1353 liceat
402 1291 518 1354 merito
536 1289 633 1354 huius
651 1287 758 1353 fauere
809 1285 896 1353 Cedo
908 1294 955 1367 tn,
975 1297 1012 1352 nt
1029 1287 1199 1354 exsoluam
1219 1311 1354 1356 manus,

255 1505 262 1524 ι
683 1429 883 1512 Epidicus

224 1537 252 1602 N
255 1559 272 1603 e
296 1539 427 1619 attigas.

657 1643 914 1726 Periphanes

469 1751 613 1818 Ostende
636 1771 724 1816 uero.

681 1893 881 1977 Epidicus

778 2000 872 2065 Nolo.

655 2141 908 2226 Periphanes

923 2249 994 2317 Non
1018 2271 1156 2335 aequom
1179 2253 1273 2318 facis.
1293 2273 1346 2324 rar

602 2433 605 2442 ,
684 2379 881 2463 Epidicus

219 2471 402 2570 Numquam
424 2487 532 2553 hercle
553 2485 660 2566 hodie,
683 2489 746 2553 nisi
770 2489 964 2572 supplicium
989 2489 1066 2554 mihi
1090 2489 1157 2569 das,
1183 2513 1234 2556 me
1253 2491 1344 2558 solui

987 2619 1101 2663 srnam.

649 2719 674 2784 P
683 2721 768 2804 erip
777 2721 798 2785 h
807 2742 853 2786 an
864 2743 881 2786 e
890 2741 905 2784 s

220 2826 396 2911 Optumum
409 2833 509 2912 atque
521 2827 766 2911 aequissumum
778 2848 862 2894 oras.
897 2829 1025 2908 Succos,
1038 2831 1195 2948 tunicum³
1205 2829 1346 2912 pellium

220 2935 293 2999 Tibi
317 2934 412 3000 daho.

678 3059 878 3143 Epidicus
904 3135 907 3142 ,

466 3165 551 3242 Quid
575 3166 692 3233 deinde
715 3170 834 3252 porro?

651 3309 905 3394 Periphanes

875 3414 1084 3483 Libertatem.

678 3545 877 3631 Epidicus

1127 3660 1170 3719 At
1193 3663 1315 3738 postea

86 3787 91 3798 ·
217 3761 312 3827 Nouo
334 3762 454 3829 liberto
478 3783 560 3846 opus
582 3769 641 3842 est,
664 3763 753 3844 quod
776 3769 907 3846 puppet.

652 3903 902 3989 Periphanes

784 4012 939 4091 Debitum
962 4012 1125 4094 praebebo
1147 4012 1270 4078 eibum.
1290 4033 1343 4086 uae

219 4165 441 4175 ————--..--.

284 4249 334 4302 719
351 4248 415 4303 istis
432 4247 460 4303 B
529 4246 575 4304 sio
593 4263 644 4303 om.
714 4250 767 4302 ⁷21·
782 4250 882 4302 atticas
952 4297 954 4302 .
