2982 5012
92 367 297 436 [Emi—89
324 343 328 350 ⁴
496 381 504 398 ·
573 369 715 439 Epidicus.

537 557 792 642 Periphanes

911 667 1053 737 Attatae.

92 775 192 840 Nunc
217 775 350 840 demum
368 775 437 839 seio
458 793 517 856 ego
533 773 631 852 huno,
655 775 711 856 qui
729 775 786 840 sit:
811 795 907 859 quem
925 775 1046 841 dudum
1067 775 1222 860 Epidicus

92 883 175 948 Mihi
203 883 412 966 praedicauit
435 883 580 948 militem.
626 881 836 962 Adulescens,
859 884 946 954 itast.

94 993 138 1058 Ut
164 993 266 1070 diois;
290 993 361 1056 emi.

356 1173 360 1182 ¹
603 1097 721 1164 Miles

409 1207 492 1290 Uolo
515 1215 548 1272 te
571 1205 682 1271 uerbis
706 1206 865 1289 pauculis

94 1318 128 1382 Si
152 1318 218 1382 tihi
243 1318 418 1382 molestum
439 1338 504 1380 non
529 1323 586 1380 est.

538 1433 786 1517 Periphanes

633 1541 706 1606 Non
730 1540 846 1624 edepol
869 1543 944 1620 soio,
1044 1579 1046 1587 ·
1171 1563 1223 1616 460
1279 1545 1283 1560 '

97 1652 277 1716 Molestum
300 1673 401 1717 necne
425 1653 477 1730 sit,
501 1651 562 1715 nisi
586 1649 677 1728 dicis,
700 1649 779 1732 quid
802 1649 894 1714 uelis.

603 1771 720 1836 Miles

97 1877 179 1943 Mihi
202 1866 297 1943 illam
319 1885 356 1943 ut
377 1881 555 1957 tramittas,
579 1884 749 1960 argentum
774 1878 931 1960 accipiam
954 1875 1057 1944 adest.
1087 1860 1095 1872 ⁸

98 1987 181 2052 Nam
205 1987 288 2070 quid
312 2007 371 2069 ego
394 1986 481 2070 apud
504 1993 536 2052 te
559 2007 640 2052 uera
662 2007 795 2070 paream
819 1985 991 2070 proloqui?

99 2095 167 2176 Ego
189 2094 285 2160 illam
308 2095 383 2160 uolo
405 2094 504 2160 hodie
526 2095 635 2160 faeere
659 2093 810 2160 libertam
833 2113 948 2174 meam,
1029 2171 1031 2178 Ι

97 2201 178 2268 Mihi
202 2203 387 2270 oonoubina
410 2223 495 2287 quae
518 2204 579 2268 sit·

535 2333 788 2416 Periphanes

612 2441 656 2506 Te
679 2441 852 2508 absolnam
874 2442 977 2508 breui.
1171 2461 1223 2513 465

101 2530 235 2632 Argenii
259 2551 499 2634 qninquaginta
520 2549 600 2614 mihi
623 2550 679 2614 iila
702 2558 813 2634 empta
835 2560 885 2616 est
907 2552 1018 2632 minis;

101 2655 134 2720 Si
156 2659 332 2742 sexaginta
353 2658 433 2723 mihi
456 2657 713 2724 denumerantur
735 2659 851 2738 minae,

103 2763 187 2830 Tuas
210 2765 396 2849 possidebit
419 2766 537 2830 mulier
559 2765 634 2831 faxo
658 2765 771 2846 ferias3

104 2873 207 2956 Atque
230 2876 280 2940 ita
301 2873 458 2958 proiecto,
482 2879 519 2937 ut
542 2893 613 2938 eam
638 2895 677 2938 ex
700 2875 762 2939 hoo
786 2895 942 2939 exoneres
966 2894 1053 2955 agro.

643 2993 719 3058 iles

104 3097 201 3166 Estne
225 3107 337 3184 empta
359 3101 439 3166 mihi
461 3101 534 3166 istis
557 2991 705 3184 legibus?

537 3243 792 3328 Periphanes

726 3350 856 3416 Habeas
878 3351 964 3416 licet.
1172 3372 1223 3422 470
1274 3419 1275 3424 ,

109 3453 329 3524 Conciliauisti
353 3459 474 3542 pulcre.
497 3493 539 3504 —
562 3457 661 3537 liene,
685 3457 774 3524 foras
797 3459 956 3538 educite,-

108 3562 206 3639 Qnam
227 3567 467 3646 introduxistis,
491 3567 665 3652 fidicinam.
689 3569 862 3650 -Atque
886 3570 985 3633 etiam
1006 3567 1098 3647 fides,

110 3668 144 3734 Ei
165 3695 247 3758 quae
272 3677 450 3754 accessere}
472 3675 533 3743 tibi
557 3675 675 3740 addam
698 3675 784 3741 dono
808 3678 931 3758 gratiis.

112 3777 180 3858 Age,
204 3785 316 3866 eooipe
339 3782 424 3848 hano
447 3784 501 3848 sis.
892 3779 898 3792 '

171 3997 217 4050 461
236 3998 387 4052 Molestum
407 4017 463 4052 non
482 3997 569 4054 estB
621 3999 691 4052 nihil
709 3999 735 4052 A
754 3999 828 4066 quod
847 3999 873 4052 A
925 4001 975 4052 462
995 3999 1124 4067 accipias.
1143 3995 1221 4051 PER.

114 4071 211 4134 habens.
229 4083 307 4137 MIL.
326 4083 398 4138 Nam
416 4085 443 4139 B
504 4085 623 4138 463-68
641 4091 772 4153 mmor
789 4085 923 4149 versibus,
962 4086 1012 4137 466
1030 4099 1098 4138 uera
1116 4097 1166 4136 om.
1185 4081 1220 4148 B,

115 4163 191 4218 uerba
206 4167 232 4220 A
288 4171 340 4223 464
361 4169 446 4224 hodie
463 4170 529 4224 uolo
548 4170 575 4224 B
634 4171 754 4222 sos—⁷2
772 4169 859 4224 tribus
877 4169 999 4224 versibus
1060 4169 1111 4221 470
1129 4171 1224 4235 empta

116 4245 160 4298 tibi
176 4249 237 4308 Hac
255 4255 317 4308 istis
335 4255 362 4309 B
417 4245 419 4250 ¹
607 4287 609 4292 ·
