2982 5012
204 313 243 372 aa
440 393 441 396 w
542 323 553 342 ·
717 257 808 362 rituli
1140 308 1352 376 mse-ei

203 497 284 564 Mihi
297 501 398 577 cesso,
411 517 506 579 quom
520 505 580 562 eto.
616 496 678 562 Sed
698 497 777 580 quid
793 497 888 564 hccl.
900 506 975 564 ante
988 497 1081 564 aedis
1095 499 1177 564 duos
1189 498 1352 574 sodali&

204 605 304 678 Erum
328 612 362 670 ct
384 604 615 672 Chaeribulum
639 609 820 690 conspicor.
867 605 951 684 Quid
977 605 1030 671 hic
1054 608 1172 690 agitis?
1202 607 1351 691 Accipe

970 713 1031 780 hoc
1056 716 1110 780 sis.
1273 733 1352 785 345

613 837 920 923 Stratippocles

206 949 372 1025 Quantum
395 945 448 1012 hic
471 947 581 1012 inest?

666 1071 865 1155 Epidicus
1273 1131 1280 1146 .

578 1171 742 1258 Quantum
765 1188 816 1247 sat
838 1189 890 1247 est
908 1190 944 1254 ¹et
966 1182 1040 1266 plus
1063 1183 1158 1262 satis3
1181 1182 1346 1266 superfit.

204 1287 324 1354 Decem
345 1287 441 1353 minis
463 1287 537 1372 plua
560 1287 674 1366 adtuli,
698 1309 795 1367 ouam
817 1285 854 1354 tii
878 1290 1025 1356 danistae
1048 1289 1160 1356 debes.

205 1395 288 1460 Dum
312 1395 372 1462 tibi
395 1415 455 1477 ego
478 1395 625 1479 placeam
651 1404 750 1482 atque
768 1391 1069 1489 obsequarsmeum
1089 1403 1224 1482 tergum·
1233 1396 1343 1464 flocci

462 1517 466 1526 ·
970 1505 1065 1571 facio.

236 1687 245 1708 .
318 1699 321 1706 Ι
614 1611 918 1698 Stratippocles
1120 1607 1124 1614 ’

140 1767 145 1778 .
208 1718 290 1784 Nam
315 1719 392 1802 quid
415 1721 485 1786 ita?
901 1794 903 1803 y

668 1829 865 1912 Epidicus

448 1935 532 2014 Quia
554 1957 609 2019 epo
630 1945 725 2002 tuum
748 1947 873 2022 patrem
898 1939 1015 2004 faciam
1039 1939 1058 2016 †
1082 1937 1339 2022 parenticidam.

615 2066 919 2153 Stratippocles

87 2210 90 2218 ·
205 2173 291 2251 Quid
313 2176 400 2238 istuc
422 2181 473 2240 eat
496 2174 611 2240 uerbi?

641 2316 653 2386 Ι·
669 2285 867 2371 Epidicus

552 2389 642 2479 Nihil
665 2413 775 2474 moror
797 2400 911 2458 uetera
934 2400 967 2458 et
991 2393 1124 2476 uolgata
1148 2391 1262 2457 uerba.
1283 2411 1342 2462 350

112 2519 118 2528 ’
206 2497 348 2564 Peratim
372 2497 535 2578 ducturos,
559 2507 594 2564 at
617 2521 676 2583 ego
699 2500 829 2566 follitim
853 2501 1034 2568 ductitabc.
1120 2515 1124 2528 ·

208 2605 292 2670 Nam
315 2605 389 2670 leno
409 2627 504 2671 omna
522 2611 692 2688 argentum
711 2609 849 2674 abstulit
867 2630 925 2694 pro
943 2609 1090 2689 fidiciua;
1114 2629 1173 2692 ego
1193 2608 1340 2688 resolui3

208 2713 374 2794 lllauibus
408 2713 458 2779 his
492 2714 712 2796 dinumeraui,
747 2721 842 2800 pater
873 2739 964 2784 suam
992 2722 1102 2782 natam
1132 2737 1230 2799 quam
1263 2737 1341 2782 esse

976 2823 1139 2907 credidit]

209 2930 305 3022 Nunc
327 2931 445 2996 iterum
468 2937 506 2994 ut
527 2931 664 2996 fallatur
686 2941 790 3016 pater,
813 2933 939 3018 tibique
963 2932 1120 2998 auxilium
1143 2931 1343 3016 adparetur,

209 3039 338 3118 Inueni;
363 3060 438 3104 uam
461 3040 508 3104 ita
530 3043 618 3106 suasi
637 3043 705 3106 seni
723 3051 823 3123 atque
845 3042 931 3106 hauc
949 3040 1049 3105 habui
1068 3041 1266 3118 orationem,
1287 3059 1343 3110 355

213 3277 264 3354 Ut,
287 3269 386 3361 quom
408 3279 563 3358 redisses,
587 3301 627 3345 ne
650 3280 710 3345 tibi
734 3283 802 3345 eius
827 3281 921 3362 copia
944 3285 1040 3344 essct.

621 3409 927 3495 Stratippocles

1090 3517 1194 3598 Euge!

557 3617 565 3636 '
670 3625 870 3710 Epidicus

212 3735 261 3800 Ea
282 3736 348 3800 iam
372 3735 493 3800 domist
514 3756 573 3818 pro
596 3733 675 3799 filia.

280 3930 330 3981 346
356 3945 440 3997 super
459 3929 495 3982 ait
581 3929 631 3980 349
658 3943 711 3994 ego
731 3942 780 3980 cm.
871 3929 920 3980 351
950 3931 1079 3995 peratum
1098 3924 1216 3979 ductare
1236 3933 1268 3980 at
1288 3945 1346 3996 ego

211 4013 333 4068 follitum
403 4014 454 4066 355
472 4013 612 4067 inueniam
630 4013 798 4068 antecedenti
814 4029 902 4066 versu.
936 4011 978 4064 lta
996 4018 1054 4066 cett.
1069 4012 1211 4079 proeium
1231 4011 1346 4067 lucum

212 4101 318 4154 nullum
335 4099 467 4153 initimum
485 4106 530 4152 eat.
601 4099 651 4150 356
669 4097 749 4166 Euge
764 4100 892 4165 precoro
910 4112 996 4150 uersu.
1072 4097 1122 4148 357
1140 4111 1192 4164 pro
1211 4095 1345 4152 illa'ST.

213 4183 308 4238 Teneo
327 4183 381 4237 ΕΡ.
402 4182 482 4238 Nunc
502 4190 644 4237 auctorem
