2970 5006
242 385 304 446 330
713 379 906 464 nosnunu

240 575 384 655 impediet
411 578 568 654 quominus
595 595 672 636 nove
702 594 791 634 scens
817 575 886 636 hino
914 577 1091 654 incipietur3
1126 577 1361 636 6666166616666

240 679 585 738 616166661666116616
606 699 634 738 u.
659 681 721 738 400
746 683 911 738 autunum
940 685 992 737 sut
1019 681 1121 758 plures
1150 699 1257 740 versus
1285 684 1362 739 exei-

240 782 334 854 disse;
368 801 436 840 uam
468 800 496 840 v.
527 781 585 843 401
623 801 688 841 oum
716 781 879 842 Ritsohelio
913 781 1012 842 delere
1046 803 1105 842 nou
1139 783 1245 842 audeo.
1300 783 1364 842 iioo

241 885 361 964 quidem
389 904 425 943 ex
452 886 549 961 spatio
579 886 609 942 in
633 885 718 944 codd.
742 885 848 943 relicto
871 883 1016 959 60161166,
1049 905 1165 944 errasse
1192 889 1365 963 superiores

241 987 387 1059 editores,
421 989 474 1066 qui
500 1006 618 1048 versum
645 989 706 1048 400
736 1008 801 1047 oum
833 989 893 1046 399
923 989 1149 1063 coniungerent,
1185 1007 1364 1067 quemquem

241 1091 332 1150 etism
354 1089 501 1167 Buggius:

282 1191 386 1252 Pluma
408 1191 488 1252 houd
509 1195 643 1268 interest,
667 1199 813 1272 petronus
835 1215 873 1253 66
896 1193 996 1252 eluens
1017 1196 1159 1271 proprior
1181 1197 1241 1254 sies

285 1295 413 1367 Homini,
437 1297 508 1372 quoi
530 1297 612 1354 66116
633 1303 679 1355 661
702 1301 733 1356 16
755 1303 878 1375 pectore
900 1293 1015 1371 [166616
1032 1293 1186 1374 umquem]
1204 1296 1337 1356 6666616.

241 1399 303 1457 400
325 1401 460 1457 seuerius
482 1406 540 1473 661,
570 1403 710 1477 reeteque
732 1399 859 1476 Pylades
885 1395 922 1458 in
942 1399 1068 1476 pectore
1086 1399 1143 1459 est
1169 1399 1300 1478 scripsit.
1323 1431 1367 1440 -

241 1501 313 1561 401.
336 1496 440 1561 mittis
455 1497 578 1562 homini
593 1501 639 1562 ed.
652 1523 698 1580 pr.
738 1502 848 1561 Tranio
871 1502 953 1576 dicit,
978 1504 1110 1578 quemvis
1133 1502 1294 1574 homiuem,
1318 1503 1366 1560 vel

128 1623 131 1630 ·
241 1607 385 1681 optimum
417 1605 466 1662 vel
498 1605 660 1682 pessimum
695 1602 784 1679 (61166
819 1606 945 1664 diceret:
979 1605 1027 1664 661
1060 1604 1285 1664 callidissimum
1318 1606 1367 1662 vel

241 1703 505 1784 simplicissimum)
535 1708 633 1785 primo
660 1709 751 1768 enimi
779 1711 894 1785 impetu
916 1709 985 1767 meli
1009 1707 1123 1784 eliqnid
1145 1708 1245 1767 166666
1266 1727 1365 1784 posse,

241 1811 292 1869 sed
315 1812 428 1870 virtute
449 1830 524 1888 opus
547 1831 621 1884 esse,
643 1829 683 1869 ne
706 1831 741 1870 ex
764 1811 843 1871 melo
866 1813 976 1870 melum
998 1813 1122 1870 orietur.
1141 1839 1184 1852 -
1206 1811 1280 1870 Post
1303 1812 1365 1870 400

240 1933 342 1973 versus
365 1913 427 1972 416
450 1915 579 1992 scriptus
602 1919 655 1987 661,
684 1934 744 1974 666
766 1916 917 1992 proxime,
947 1915 1049 1986 eredo,
1078 1913 1131 1971 sed
1153 1912 1290 1972 66666666
1314 1933 1367 1990 pu·

241 2017 317 2090 ginse
334 2017 531 2093 principium,
554 2015 634 2076 redit
653 2019 732 2075 enim
750 2037 803 2076 suo
820 2018 899 2090 loeo,
923 2016 958 2075 of.
978 2017 1016 2076 ad
1033 2018 1104 2076 610.
1123 2045 1165 2056 --
1184 2018 1257 2076 403.
1281 2013 1368 2076 docti

242 2119 290 2178 est
306 2118 352 2176 ed.
364 2138 411 2195 pr.
422 2147 465 2158 -
477 2119 549 2178 404.
572 2115 757 2198 designate,
776 2139 837 2178 non
855 2119 1020 2193 designate,
1038 2117 1133 2191 codd,
1157 2118 1194 2177 of.
1207 2119 1299 2179 Poen.
1316 2121 1365 2178 le.

241 2222 308 2281 Ter.
331 2221 388 2280 66.
413 2223 463 2281 87.
497 2221 843 2299 66.1“.6.1,5,16.-6
859 2218 1001 2298 neqteiier
1021 2221 1125 2281 Dones
1147 2241 1203 2280 em.
1227 2251 1269 2262 -
1291 2224 1365 2282 405.

242 2322 385 2383 Versuum
397 2324 531 2384 ordinem
544 2325 678 2384 restituit
687 2325 851 2398 Acidalius,
864 2325 1022 2385 verborum
1033 2324 1146 2383 Ritsoh.
1159 2353 1203 2366 -—
1219 2327 1291 2384 406.
1318 2321 1366 2384 Ni
1453 2349 1454 2404 1

241 2431 273 2484 61
294 2428 342 2485 661
359 2445 415 2504 pro
432 2447 469 2486 ne
486 2445 564 2504 supe
585 2427 617 2485 in
639 2427 736 2486 titulis
758 2426 927 2506 tabulisque
950 2429 1075 2486 maxime
1097 2429 1219 2504 septimi
1240 2447 1271 2504 p.
1289 2449 1320 2488 u
1341 2449 1364 2488 6.
1453 2409 1454 2420 ¹

196 2593 199 2600 ,
242 2529 343 2588 soeouli
358 2530 486 2588 inveniri
503 2535 629 2603 constet,
652 2549 679 2588 r.
698 2529 812 2590 Ritsoh.
825 2530 934 2609 opusc.
947 2509 980 2590 11'
992 2551 1021 2608 p.
1041 2533 1112 2590 625.
1156 2529 1202 2589 Ex
1220 2531 1365 2590 Plautinis

241 2631 326 2690 oodd.
344 2635 474 2710 quinque
490 2634 626 2710 exemplu
641 2633 728 2692 effert
744 2632 824 2692 idem
840 2633 875 2692 V.
893 2633 929 2692 D.
952 2653 981 2710 p.
1001 2635 1080 2707 6293
1105 2633 1173 2693 add.
1192 2633 1273 2693 Men.
1293 2637 1362 2693 866.

239 2731 515 2810 6666166666.
538 2765 582 2778 -
604 2737 675 2795 407.
707 2730 1193 2796 666661661661.-408.
1225 2731 1364 2814 liquesceret

243 2839 288 2898 ed.
311 2859 357 2916 pr.
380 2868 423 2879 ·-
446 2841 517 2898 409.
542 2855 580 2898 eu
602 2855 636 2898 se
657 2839 771 2898 Gemer.
796 2859 851 2898 em.

327 2943 398 3002 410.
434 2941 594 3019 Egreditur
623 2961 659 3000 ex
692 2941 806 3001 6661666
838 2960 913 3019 puer
946 2943 1057 3001 elevem
1085 2943 1183 3002 ferens
1213 2937 1307 3020 (306)
1334 2949 1361 3002 61

241 3044 419 3104 Τ666166666
458 3045 555 3104 66666
600 3063 718 3102 mouere
765 3046 801 3104 eb
847 3047 934 3104 enxio
974 3045 1093 3106 domino
1132 3049 1240 3106 iussus.
1308 3045 1360 3104 Sed
1452 3025 1453 3030 ἵ

241 3165 344 3204 versus
367 3153 527 3226 corruptus
549 3153 602 3206 661.
654 3146 773 3206 Gruter.
797 3148 922 3207 feceret:
951 3149 1052 3224 „perii
1076 3145 1144 3206 oh.“
1192 3147 1290 3222 Boiu,
1313 3149 1357 3208 R:

246 3252 349 3326 „perii
373 3249 459 3314 eho“.
504 3249 666 3326 Seyffertus
694 3251 876 3326 ingeniosius
903 3270 1011 3309 nomen
1038 3252 1118 3310 servi
1145 3250 1240 3309 lutere
1269 3255 1358 3327 suspi-

243 3357 343 3411 cetur:
370 3352 446 3426 ,Sed
463 3353 535 3432 quid
554 3361 587 3411 tu
600 3353 740 3428 egredere
751 3351 925 3429 Sphaerio?“
952 3349 1110 3429 (Philolog.
1123 3353 1224 3412 XXIX
1236 3373 1265 3430 p.
1279 3347 1358 3428 395).

243 3455 301 3514 Sed
323 3457 413 3514 etism
435 3457 570 3534 proxime
593 3461 734 3533 corrupte
757 3461 840 3529 sunt;
873 3451 1038 3528 iamiam,
1069 3455 1148 3532 quod
1178 3461 1232 3514 661
1260 3456 1300 3514 66
1320 3456 1359 3514 iu·
1451 3473 1452 3546 1

241 3565 342 3618 turum
365 3565 482 3636 tempus
505 3558 645 3631 refertur,
675 3557 711 3616 of.
735 3556 821 3617 Cure.
845 3559 918 3630 703,
941 3555 1042 3616 Madv.
1060 3554 1232 3618 6661616.Ι
1249 3579 1280 3634 p.
1294 3559 1357 3632 364,

243 3667 295 3718 661
323 3681 388 3720 oum
416 3661 551 3740 emphasi
578 3663 736 3740 praesentis
770 3661 913 3736 temporis
947 3661 1142 3719 mutationem
1172 3661 1299 3734 indicet,
1331 3663 1360 3718 ut

243 3763 339 3824 06161.
365 3767 414 3838 63,
438 3767 488 3824 73.
527 3764 617 3841 Verg.
640 3765 710 3824 AEn.
732 3763 771 3836 11,
795 3765 866 3836 701,
890 3762 936 3820 616
959 3763 1056 3822 locum
1078 3781 1137 3821 nou
1159 3763 1260 3822 hebet
1305 3761 1359 3822 Neo

242 3869 368 3926 retinuit
400 3867 511 3944 Bogg:
553 3867 631 3940 „Sed
664 3865 736 3942 quid
769 3871 803 3924 tu
836 3865 991 3943 egredere,
1024 3863 1137 3944 puero?
1192 3863 1252 3924 Pv.
1287 3865 1359 3924 Fero

243 3971 360 4028 elsnim.
405 3969 466 4028 TR.
490 3965 648 4048 Optume“.
694 3968 842 4045 Equidem
872 3969 1007 4044 proxime
1029 3989 1046 4027 6
1068 3967 1169 4028 oodd.:
1205 3961 1270 4028 Sed
1291 3963 1361 4044 quid

245 4067 449 4150 6696661666
477 4066 525 4132 sio
547 4087 609 4148 per
636 4067 788 4132 ianuam?
823 4069 890 4145 (cfr.
914 4065 1000 4146 435).
1059 4070 1134 4130 1166
1167 4069 1280 4130 elevem
1307 4070 1359 4128 sibi
1450 4079 1451 4092 ³

245 4173 345 4234 efferri
367 4175 507 4248 iusserat,
537 4174 591 4234 666
619 4175 738 4233 ienuam
766 4175 893 4250 emplius
916 4175 1027 4251 operiri
1047 4173 1203 4246 66166661,
1236 4191 1292 4249 per
1312 4191 1359 4250 po·

244 4278 349 4335 sticum
372 4279 452 4337 exire
475 4276 622 4336 debuerat
644 4295 727 4353 puer.
783 4269 915 4351 Optume
938 4281 995 4334 661.
1016 4275 1129 4334 1666166
1151 4273 1299 4334 61666166.
1324 4303 1358 4313 -
