2970 5006
576 386 607 440 v.
626 386 769 442 ssa-esa.
902 348 905 357 ¹
1169 389 1225 450 281

108 581 215 640 Bacch.
230 583 300 640 360.
324 611 364 622 -
389 585 458 642 535.
482 581 527 640 De
546 583 781 642 demonstrativo
799 583 906 643 omisso
923 580 983 640 vid.
1003 582 1041 640 ad
1057 583 1162 661 Amph.
1178 583 1227 642 38.

108 683 184 743 Cum·
204 689 270 744 toto
292 686 357 744 loco
381 688 416 746 cf.
440 686 506 745 Ter.
525 687 645 746 Phorm.
666 687 740 745 305:
784 685 956 758 „Hominem
980 687 1228 744 conmonstrarior

106 787 185 846 Mihi
213 789 303 848 istum
333 789 402 846 nolo
432 795 482 848 aut
510 787 562 848 nbi
591 791 705 848 habitet
733 784 995 871 demonstrarier“.
1045 787 1166 848 Becker.
1197 790 1228 846 in

107 891 240 950 Studem.
264 891 348 950 Stud.
372 893 386 950 l
412 913 442 970 p.
467 893 526 952 192
555 893 603 951 hie
631 892 736 951 meluit
764 892 862 949 omitti
890 891 958 964 alit,
992 891 1040 949 vel
1066 892 1167 968 potius
1197 892 1228 949 in

111 991 196 1066 „hic“
222 995 339 1054 mutari.
363 1025 403 1034 -
434 997 503 1054 536.
539 991 683 1068 NeseitO,
713 994 829 1052 novisse
852 995 970 1068 studeo,
1006 995 1035 1052 in
1058 995 1226 1054 memoriam

106 1117 248 1158 revocare
272 1117 370 1168 conor,
393 1099 428 1156 el.
453 1097 523 1158 Cist.
549 1100 619 1157 509.
653 1097 732 1156 Men.
754 1097 843 1156 1044.
878 1097 960 1156 Tris.
983 1098 1058 1156 863:
1086 1098 1227 1172 „circum-

106 1205 224 1276 spectat
240 1219 304 1258 sese
323 1205 411 1276 etque
429 1200 512 1258 aedis
530 1197 690 1260 noscitat“.
705 1229 744 1239 —
759 1215 807 1258 me
818 1195 939 1260 uidisse
950 1200 1021 1257 ferri
1039 1219 1097 1258 non
1114 1205 1224 1276 potest.

105 1302 212 1361 Goetz.
225 1323 289 1362 eum
303 1303 518 1364 Lindemanno:
546 1303 672 1377 „uidisse
689 1299 795 1375 mihi“;
819 1303 955 1378 equidem
974 1317 1022 1360 me
1040 1303 1153 1376 delevi3
1176 1323 1226 1362 ex·

103 1411 201 1465 memo
218 1409 400 1466 versui'eam
417 1406 529 1479 addidi,
551 1408 603 1466 ubi
621 1425 767 1484 perparva
784 1425 888 1464 rasura
909 1411 955 1463 est
979 1408 1009 1463 in
1032 1404 1065 1464 B.
1088 1434 1130 1446 --
1155 1408 1224 1464 537.

104 1523 148 1568 an
175 1525 238 1568 uon
265 1525 301 1569 eu
316 1509 376 1569 'est
397 1510 482 1569 Both.
506 1509 738 1584 congruentibus
760 1509 894 1585 vestigiis
916 1509 951 1567 A.
977 1537 1013 1549 -
1046 1511 1115 1568 538.
1147 1503 1228 1568 laese
1270 1505 1274 1513 ’

103 1627 148 1672 απ
164 1627 229 1671 uon
245 1612 361 1672 addidit
380 1613 484 1690 Gepp,
508 1613 587 1690 quod
604 1617 728 1689 propter
745 1611 970 1672 similitudinem
987 1611 1224 1670 antecedentium

104 1718 201 1788 magis
223 1715 321 1791 placet
343 1735 430 1791 quam
452 1715 569 1774 Goetzii
595 1715 691 1788 „hunc
714 1733 768 1792 ego
790 1711 966 1790 umquam“;
1000 1735 1066 1772 nam
1096 1715 1164 1772 inde
1188 1713 1224 1771 ab

103 1818 161 1876 hoo
190 1818 255 1876 loeo
285 1821 503 1877 accuratissime
533 1821 612 1878 inter
639 1838 669 1877 se
697 1816 880 1895 respondent
907 1836 1099 1893 personarum
1133 1815 1223 1888 dicta,

102 1925 188 1980 etin
211 1921 304 1979 vicem
332 1926 457 1998 uterque
486 1921 608 1980 eandem
636 1921 812 1980 sententiam
839 1939 961 1996 prorsus
988 1921 1077 1978 simili
1106 1923 1223 1978 ratione

101 2024 249 2082 enuntiat.
293 2023 351 2082 Sed
374 2024 533 2084 admodum
556 2031 728 2103 corruptum
750 2023 827 2082 huno
854 2024 952 2084 locum
982 2022 1098 2080 codices
1128 2019 1223 2080 tradi·

102 2126 220 2184 derunt.
276 2125 342 2184 Non
371 2127 525 2202 discriptio
554 2128 648 2186 solnm
678 2147 831 2200 versuum,
866 2126 919 2186 sed
951 2125 1009 2202 ipsi
1038 2124 1151 2182 numeri
1180 2124 1223 2181 ita

100 2228 217 2287 turbati
240 2235 317 2301 sunt,
340 2235 374 2288 ut
395 2249 494 2308 prosa
517 2233 661 2289 orationis
683 2232 810 2308 speciem
832 2229 970 2302 habeant,
995 2229 1102 2305 saepius
1125 2233 1222 2286 antem

101 2332 316 2392 additamentis
328 2338 358 2391 et
368 2333 596 2410 repetitionibus
608 2353 696 2409 quam
713 2333 825 2392 lacunis
840 2332 973 2391 laborari
984 2330 1077 2389 video.
1113 2329 1147 2388 V.
1162 2331 1221 2387 538

101 2435 262 2494 manifesta
279 2436 450 2510 estlaouna‚
467 2435 519 2494 sed
537 2438 567 2494 in
584 2437 720 2514 proximo
737 2455 835 2504 versu,
853 2435 905 2494 ubi
922 2435 1004 2494 nulla
1020 2453 1082 2491 esse
1094 2433 1221 2502 videtur,

100 2557 283 2616 quamquam
311 2541 430 2616 putavit
456 2539 620 2598 Francken.
644 2541 662 2598 l.
686 2541 707 2598 l.
730 2559 759 2616 p.
785 2543 832 2612 16,
856 2539 951 2598 simile
978 2539 1108 2616 spatium
1137 2539 1223 2593 vacat

100 2646 133 2702 iu
157 2642 191 2700 B.
247 2641 398 2700 Praeterea
424 2662 617 2720 personarum
644 2648 722 2702 notae
748 2647 810 2702 tam
840 2661 918 2718 steps
945 2645 1121 2720 permutata
1143 2643 1221 2709 sunt,

99 2750 136 2803 ut
159 2749 303 2821 appareat
325 2765 375 2804 eas
397 2764 455 2803 non
478 2765 514 2804 ex
531 2748 658 2822 genuino
675 2748 765 2817 fonte,
790 2745 842 2805 sed
859 2738 1030 2805 eonieetura
1048 2749 1078 2802 et
1098 2743 1221 2800 libidine

99 2847 296 2906 mbrioatoris
326 2847 430 2906 addita
456 2867 529 2908 esse.
552 2879 595 2888 —
620 2851 688 2908 539.
719 2849 821 2910 Goetz.
846 2849 893 2908 ed.
920 2849 1057 2922 „memini
1080 2866 1126 2904 me
1149 2863 1220 2923 pau·

98 2947 283 3029 percnlam“.
297 2977 336 2990 -·-
352 2952 422 3008 540.
438 2944 547 3023 Plano,
560 2951 595 3010 cf.
609 2953 675 3011 Ter.
688 2952 759 3012 Hac.
774 2953 851 3012 696:
880 2953 990 3026 „Plane
1008 2951 1055 3008 hio
1073 2944 1219 3009 diuinat“.

98 3049 152 3112 laic
174 3047 228 3111 ‘ille
249 3051 297 3112 est
317 3051 431 3110 emend.
456 3053 655 3126 (temerarium
689 3075 758 3114 nem
784 3055 892 3127 „Plane
914 3055 1010 3114 hicine
1033 3049 1095 3112 est“
1121 3071 1220 3111 seeum

98 3161 251 3234 pugnant3
285 3160 338 3214 sut
366 3159 546 3216 asseveratio
574 3163 626 3216 eut
653 3159 844 3234 interrogatio
872 3157 994 3216 tollatur
1017 3173 1137 3214 necesse
1160 3157 1219 3226 est;

98 3258 350 3318 asseverationem
368 3265 466 3318 autem
483 3261 656 3319 servandam
674 3280 738 3319 esse
754 3259 886 3318 ostendit
897 3261 1080 3337 comparatio
1092 3259 1220 3336 proximi

97 3379 213 3420 versus.
236 3379 287 3400 -“
304 3355 380 3420 milri
402 3362 506 3420 eodem
528 3363 592 3422 loco
616 3365 725 3441 legitur
747 3365 777 3422 in
799 3363 826 3421 A
849 3369 879 3420 et
901 3365 932 3421 in
955 3367 1073 3422 ceteris.
1119 3360 1217 3433 Both„

97 3463 211 3540 Gepp,
240 3463 342 3522 Goeta.
372 3469 439 3523 ante
473 3463 624 3544 „pepulit‘
655 3471 833 3543 posuerunt,
869 3486 923 3524 nec
945 3465 1045 3539 video,
1081 3486 1139 3544 qua
1162 3465 1221 3524 alie

97 3567 217 3626 ratione
243 3586 346 3625 versus
374 3566 491 3626 evadat.
514 3598 556 3608 —
586 3570 656 3629 541.
691 3569 889 3628 Continuatur
916 3569 1091 3646 Periphanis
1121 3568 1219 3625 oratio

97 3689 135 3728 ex
161 3669 231 3726 539.
261 3698 304 3708 -
339 3671 397 3728 542
427 3669 514 3728 affert
537 3671 650 3730 Nonius
677 3693 707 3750 p.
732 3673 792 3730 473
822 3677 976 3750 corrupte:
1014 3671 1219 3749 „Congredias

97 3771 225 3831 Plautus
249 3773 279 3829 in
301 3771 441 3847 Epidico:
477 3773 597 3850 quidsi
621 3772 746 3834 adeam?
780 3779 832 3832 aut
854 3776 938 3848 sicia,
971 3795 1007 3834 an
1036 3774 1218 3848 congredias‚

97 3875 122 3932 si
146 3873 204 3933 hoc
227 3871 303 3932 est“.
350 3875 497 3934 Personas
519 3881 599 3935 recte
622 3877 776 3936 distribuit
798 3875 902 3936 Goetn.
949 3871 986 3936 Sl
1008 3875 1038 3938 is
1061 3873 1219 3938 esthemo

97 3980 180 4048 recte
203 3975 360 4054 Geppert.;
398 3974 480 4050 „ain“
505 3978 577 4036 ferri
605 3981 723 4056 nequit3
758 3981 871 4039 nullum
901 3983 979 4039 enim
1008 3981 1055 4040 hic
1083 3981 1221 4039 dilemma

96 4079 226 4153 eogitari
243 4083 354 4155 potest,
379 4084 410 4136 et
426 4082 580 4139 sententis
597 4081 693 4140 forms
708 4084 897 4143 antecedenti
915 4084 1018 4142 similis
1035 4103 1098 4142 esse
1116 4082 1218 4157 debet;

97 4181 164 4241 ood.
187 4181 202 4238 I
224 4182 328 4240 habet:
353 4184 466 4256 „sinis
489 4178 565 4242 est“.
610 4184 745 4261 Utraque
768 4190 865 4244 autem
882 4187 1028 4245 sententie
1046 4186 1220 4264 imperfecta

96 4289 159 4356 est;
198 4287 363 4360 sequuntur
401 4285 517 4361 reliqua
555 4289 692 4363 proximo
727 4307 822 4346 versu.
890 4289 945 4346 Hic
978 4295 1076 4347 autern
1112 4291 1218 4347 misere
