2982 5014
608 423 637 478 V.
655 426 799 478 917⁶·949.
1201 425 1264 486 439

139 608 280 691 coepio“.
325 618 545 678 Τ55551.233;
580 619 688 692 „alium
710 625 864 695 quaestum
887 613 1035 695 coepiat“.
1081 615 1153 674 Pers
1190 617 1262 674 122:

143 717 321 794 „coepere“.
355 721 422 780 Ter.
440 721 495 780 Ad.
510 721 585 780 397:
613 719 798 800 ,coeperet“.
817 750 861 760 -
877 714 947 780 942.
971 719 1011 779 Ut
1034 720 1134 789 ceteri,
1157 720 1263 795 inquit,

139 820 279 880 homines
309 824 384 882 salvi
414 829 497 892 sunt,
531 824 575 882 155
601 841 656 899 ego
683 823 782 882 salvus
812 830 953 882 5555555
977 821 1149 889 55551655,
1184 821 1263 891 novi,

140 922 290 1000 alloquor.
348 920 463 986 Salaros
485 929 584 1003 priore
607 926 671 983 loco
694 927 895 984 nominativus
918 933 979 997 est3
1014 925 1098 982 codd.
1126 919 1261 997 „saluus“

136 1031 177 1084 ut
205 1027 309 1089 solent.
333 1059 375 1069 —
404 1029 481 1087 Ante
514 1023 657 1088 homines
690 1029 804 1100 hiatur,
840 1027 873 1086 R.
912 1023 1004 1102 „ego“
1041 1027 1123 1098 add.;
1158 1025 1263 1100 Wagn.
1323 1012 1326 1026 Ι

146 1129 255 1204 „probo
278 1129 380 1190 noui“.
404 1129 446 1171 ·-'
474 1133 545 1189 943.
570 1145 739 1206 perperam
762 1129 806 1188 ed.
831 1151 886 1206 pr.,
910 1131 946 1188 cf.
971 1131 1076 1207 Amph.
1103 1131 1173 1188 244.
1218 1131 1265 1188 An

142 1232 195 1302 155,
219 1233 333 1309 inquit,
357 1253 388 1290 se
411 1233 588 1304 reshabet,
610 1237 645 1291 ut
667 1233 711 1290 1111
734 1235 843 1290 iniuria
866 1254 910 1290 me
933 1235 1061 1290 insanire
1085 1233 1208 1310 putent,
1233 1252 1264 1290 re

141 1353 213 1392 vera
236 1337 292 1412 ipsi
316 1335 488 1394 insaniant?
531 1335 598 1394 Non
629 1356 703 1412 opus
734 1341 778 1393 est
800 1336 940 1403 relativo,
970 1335 1048 1411 quod
1072 1336 1186 1394 addunt
1208 1333 1264 1410 Py·

141 1436 227 1494 lades
251 1445 281 1495 et
303 1439 338 1496 R.
364 1433 450 1515 (,qui
474 1423 558 1496 aiunt
580 1435 672 1510 mc“).
696 1469 735 1478 -
764 1438 835 1497 944.
868 1441 942 1495 Ante
965 1453 1047 1496 uxor
1068 1437 1182 1508 hiatus,
1207 1441 1264 1497 nisi
1355 1501 1368 1518 Ι

137 1542 190 1597 551
213 1540 307 1618 libeat
330 1561 394 1598 cum
419 1539 548 1611 Kochio,
573 1541 648 1598 Anu.
672 1539 797 1617 philol
819 1561 848 1618 p.
874 1543 944 1612 285,
971 1538 1098 1614 „uoaor“
1124 1541 1264 1600 scribere.

141 1639 223 1699 Cam.
253 1640 321 1714 „at“
347 1642 447 1714 addin
480 1643 615 1703 Mallem:
654 1643 714 1716 „ire
744 1662 831 1718 quom
861 1638 977 1718 cupio“.
1008 1671 1050 1683 -
1078 1643 1148 1700 945.
1185 1637 1263 1716 Huc,

141 1743 239 1802 Erotii
262 1745 339 1802 aedes
363 1745 455 1819 digito
478 1749 632 1802 monstrat.
664 1773 706 1784 —-
733 1738 841 1802 Nimia
862 1744 1093 1818 praeostensa
1113 1740 1262 1820 aequiter,

139 1849 268 1924 pessime
292 1849 398 1918 evenit,
423 1847 458 1905 cf.
483 1846 559 1905 Rud.
585 1848 661 1904 837:
700 1849 842 1922 ,proueni
864 1844 1032 1923 nequiter“.
1077 1845 1167 1906 Stich.
1187 1849 1262 1908 399:

146 1950 329 2024 „prouenisti
346 1947 478 2007 futtile“.
523 1947 610 2006 Truc.
625 1950 700 2006 384:
728 1949 837 2019 „Quom
862 1948 936 2005 bene
958 1952 1125 2024 prouenisti
1149 1947 1262 2008 salua“.

144 2053 220 2109 513:
247 2051 360 2123 ,Quom
384 2059 417 2110 tu
439 2056 520 2109 recte
542 2048 739 2127 prouenisti“.
767 2079 803 2089 —
835 2051 905 2109 946.
940 2050 1014 2122 ,Hic
1037 2071 1088 2108 ero
1110 2071 1203 2127 usque
1227 2051 1263 2110 ad

141 2151 276 2212 noctcm¹⁴
303 2155 348 2214 ed.
369 2155 449 2230 vulg.
469 2161 538 2230 post
560 2153 661 2223 Pium,
686 2152 720 2211 R.
744 2173 809 2211 cum
833 2152 957 2212 Bothio:
985 2152 1057 2224 „Hic
1082 2173 1132 2211 ero
1155 2173 1262 2228 usque:

142 2255 319 2314 adnectam
350 2253 486 2315 saltem“.
541 2255 617 2313 Mihi
646 2275 698 2313 nec
730 2253 816 2326 „ero“
852 2275 904 2312 nec
935 2252 1077 2328 „saltem“
1109 2256 1263 2332 probatur.

140 2356 273 2434 Scripsi:
298 2353 456 2435 1115595
482 2355 545 2430 (aut
573 2354 681 2430 „ego“)
704 2353 870 2432 usquead
888 2357 1004 2415 noctem
1028 2353 1058 2416 si
1081 2353 1209 2415 5555555.

229 2463 299 2520 947.
321 2461 398 2519 Dum
416 2461 616 2520 Menaechmus
635 2466 719 2516 extra
742 2459 818 2516 aedes
836 2479 903 2516 suas
922 2464 1085 2537 exspectat,
1105 2459 1262 2528 Messenio,

141 2563 264 2620 alterius
287 2562 461 2621 Menaechmi
484 2582 596 2632 servus,
621 2562 699 2618 vasis
723 2563 876 2638 servisque
899 2568 928 2620 in
951 2561 1077 2618 taberna
1101 2561 1262 2633 collocatis,
1292 2611 1295 2614 .

140 2665 213 2722 hero
237 2683 290 2723 suo
315 2665 468 2722 adversum
492 2666 573 2722 venit
595 2669 630 2721 ut
645 2666 742 2721 iussus
760 2671 823 2721 erat
843 2683 870 2723 v.
885 2665 955 2724 426.
1000 2663 1155 2722 Servorum
1176 2663 1262 2722 modo

139 2767 177 2824 de
202 2767 372 2825 condicione
396 2771 425 2822 et
447 2765 544 2823 officio
567 2785 621 2824 suo
645 2766 882 2842 philosophatur,
907 2767 943 2824 cf.
966 2765 1057 2824 Most.
1082 2767 1152 2824 842.
1193 2767 1260 2825 Aul.

143 2871 213 2928 579.
258 2869 411 2928 Canticum
435 2889 451 2925 5
475 2870 591 2926 creticis
620 2871 748 2926 numeris
778 2871 922 2946 incipiens
951 2871 1060 2925 transit
1087 2870 1117 2925 in
1140 2867 1262 2927 iambos.

138 2973 288 3030 947-49
313 2973 480 3028 tetrametri
508 2971 659 3029 bacchiaci
689 2976 771 3040 sunt,
807 2974 867 3030 950
892 2977 1065 3043 tetrameter
1086 2969 1262 3028 bacchiacus

138 3075 347 3143 catalecticus,
370 3071 432 3144 vel,
462 3075 486 3132 51
510 3074 610 3143 malis,
642 3073 821 3149 compositus
845 3093 880 3129 ex
904 3071 1001 3130 iambo
1025 3080 1054 3128 55
1075 3072 1173 3130 tribus
1196 3087 1260 3130 cre·

138 3179 215 3247 51515,
241 3178 298 3235 951
325 3182 394 3234 tetr.
419 3175 534 3244 bacch,
565 3177 625 3234 952
649 3183 683 3232 55
706 3177 776 3234 950.
822 3176 882 3232 953
907 3177 1085 3252 compositus
1109 3174 1262 3233 extribus

139 3278 269 3336 55555115
293 3287 323 3335 55
346 3277 468 3354 dipodiu
490 3277 629 3349 iambica,
659 3279 720 3336 954
744 3297 779 3333 ex
803 3275 917 3334 duobus
940 3279 1058 3335 creticis
1082 3281 1111 3332 et
1135 3277 1261 3334 dimetro

138 3380 275 3452 iambico,
301 3382 361 3438 955
380 3380 502 3456 dipodiu
522 3383 631 3438 cretica
643 3385 837 3455 asynnrtetos,
861 3379 921 3437 956
935 3385 1005 3438 tetr.
1020 3375 1175 3448 bacch.(?),
1200 3381 1260 3438 957

23 3523 27 3530 -
136 3483 265 3542 dimeter
286 3482 438 3540 iambicus.
484 3484 629 3542 956-59
654 3487 781 3558 systema
805 3481 972 3554 iambicum,
1002 3489 1036 3540 ut
1057 3484 1087 3538 in
1111 3481 1134 3538 B
1158 3481 1260 3540 discri-

138 3587 266 3656 buntur,
301 3591 488 3662 pentameter
518 3593 547 3643 55
578 3589 764 3662 septenarius
792 3581 945 3641 iambicus.
1001 3585 1062 3642 960
1092 3586 1260 3642 octonarius

138 3687 289 3758 iambicus,
314 3689 373 3746 961
399 3690 586 3766 septenarius
608 3687 712 3757 iamb.,
743 3688 802 3745 962
832 3685 980 3758 clausula,
1006 3685 1259 3745 963-6515555.

134 3792 311 3867 septenarii,
338 3791 483 3849 967-69
502 3791 645 3850 octonarii
658 3788 784 3859 iambici,
810 3787 870 3844 970
883 3787 1050 3846 trochaicus
1063 3791 1259 3864 septenarius.
1274 3821 1277 3826 ·

226 3894 296 3951 947.
327 3885 509 3966 8555155555
534 3888 612 3952 borso
634 3907 740 3961 seruc,
770 3909 828 3967 quo
857 3889 949 3947 bonus
973 3909 1074 3947 servus
1098 3898 1259 3968 spectatur.

139 4024 177 4036 -
199 3991 263 4072 qui,
287 3999 345 4054 i.e.
363 3997 482 4072 siquis,
506 4016 532 4055 v.
552 3996 591 4052 ad
609 3995 692 4052 Asin.
714 3995 770 4051 321
793 3996 823 4050 55
840 3992 907 4050 Aul.
927 3993 998 4065 481,
1021 3991 1089 4050 add.
1109 3991 1174 4051 Ter.
1189 3993 1257 4052 Hae.

139 4099 210 4157 606.
242 4097 325 4156 Varr.
340 4096 373 4156 L.
388 4096 421 4156 L.
435 4097 542 4168 v11,4.
572 4097 631 4154 Cic.
651 4117 680 4174 p.
693 4095 861 4168 Caecinl3,
883 4097 931 4153 39.
963 4093 1260 4167 515115155-

139 4201 211 4260 949.
235 4199 298 4259 iam
321 4198 432 4272 addidi,
457 4199 537 4276 quod
560 4201 655 4257 oratio
678 4199 831 4276 postulare
850 4198 979 4256 ridetur.
1025 4195 1137 4256 Eodem
1157 4197 1259 4256 1505-

44 4375 48 4380 ,
134 4301 245 4360 655555
263 4307 317 4374 555,
341 4303 402 4378 qui,
425 4307 460 4358 55
483 4301 595 4360 hiatum
613 4308 683 4379 post
705 4297 803 4374 „rem“
829 4303 946 4374 ritaret,
971 4307 1023 4359 555
1043 4303 1106 4374 „sui
1125 4297 1186 4359 eri“
1210 4307 1261 4359 555
