3030 5050
225 376 264 434 28
580 369 583 376 '
624 333 626 336 ⁵
740 373 830 426 Plauti
1150 373 1182 435 ιι,
1201 375 1224 440 e,
1247 376 1348 427 10-19

668 561 901 628 Cleostrata

224 667 318 744 Tace,
343 667 488 736 Chalino.

695 800 875 886 Olympio

474 908 648 992 Conprime
672 911 780 974 istum.

689 1063 880 1130 ChaHnus

773 1173 874 1238 lmmo
897 1175 1013 1248 istunc.
1037 1177 1093 1260 qui
1118 1175 1233 1240 didicit
1256 1174 1347 1240 dare.

667 1327 900 1424 Lysidamus

225 1431 359 1516 Adpone
384 1434 435 1499 hic
458 1435 613 1516 sitellam;
638 1437 737 1501 sortis
759 1436 838 1500 cedo
863 1436 958 1516 mihi;
981 1437 1123 1501 animum
1147 1435 1322 1500 aduertite.

225 1544 330 1625 Atque
354 1564 414 1624 ego
438 1545 549 1608 censui
572 1544 681 1610 abste
702 1565 797 1628 posse
814 1544 875 1609 boc
894 1566 942 1608 me
961 1545 1133 1628 inpetrare,
1164 1565 1245 1608 uxor
1263 1564 1347 1618 mea,

225 1649 347 1714 Casina
370 1629 405 1714 dt
428 1673 510 1715 uxor
533 1651 609 1716 mihi
634 1653 776 1728 daretur,
801 1659 834 1715 et
856 1673 942 1717 nunc
964 1654 1062 1717 etiam
1086 1673 1210 1716 censeo.

644 1774 648 1782 Ι
667 1805 904 1870 Cleostrata

225 1914 299 1978 Tibi
323 1915 457 1978 daretur
479 1913 557 1978 illa?

665 2045 900 2129 Lysidamus

551 2153 653 2219 'Mihi
676 2155 770 2218 enim.
816 2154 876 2227 Ab.
900 2175 962 2219 non
987 2153 1019 2217 id
1044 2154 1134 2218 uolui
1159 2153 1275 2217 dicere.
1295 2169 1348 2220 845

226 2264 309 2328 Dum
333 2262 409 2326 mihi
432 2262 533 2336 uolui,
557 2262 632 2327 huic
655 2261 731 2335 dixi,
755 2270 856 2343 atque
879 2261 970 2338 adeo,
993 2263 1071 2326 mihi
1095 2262 1171 2326 dum
1195 2261 1290 2343 cupio
1304 2295 1348 2306 -

323 2349 330 2364 i
939 2391 1109 2453 perperam

226 2478 293 2544 lam
318 2478 439 2542 dudum
463 2478 571 2544 hercle
592 2479 731 2543 fabulor.

666 2630 900 2698 Cleostrata

694 2741 751 2804 Pol
774 2749 809 2805 tu
834 2742 982 2824 quidem;
1005 2751 1104 2823 atque
1129 2743 1229 2805 etiam
1252 2739 1343 2804 facis.

667 2894 898 2978 Lysidamus

228 3005 310 3070 Huic
332 3007 492 3070 -immo
516 3003 622 3068 hercle
648 3004 734 3068 mibi.
788 3002 859 3068 Uah
887 3003 1020 3068 tandem
1049 3004 1129 3068 redii
1153 3005 1209 3068 uix
1233 3023 1346 3066 ueram

938 3133 971 3176 rn
993 3132 1090 3175 uram.

666 3253 898 3320 Cleostrata

227 3363 289 3428 Per
307 3364 359 3446 pol
377 3385 475 3446 saepe
494 3383 619 3446 peccas.
664 3365 716 3427 lta
734 3363 779 3441 fit,
802 3364 857 3427 ubi
875 3363 953 3448 quid
972 3372 1180 3450 tantoopere
1199 3369 1345 3443 expetas.

594 3492 598 3501 ¹
665 3516 900 3601 Lysidamus

226 3626 290 3692 Sed
313 3635 346 3691 te
369 3633 505 3710 uterque
528 3633 585 3689 tuo
609 3647 668 3707 pro
691 3627 770 3704 iure,
794 3646 853 3707 ego
877 3632 976 3708 atque
1000 3625 1062 3703 hic,
1085 3646 1223 3690 oramus.

666 3778 900 3845 Cleostrata

1096 3887 1179 3964 Quid
1203 3892 1276 3952 est?
1295 3899 1362 3957 eoo'

312 4095 359 4145 341
380 4093 471 4147 caline
489 4093 640 4160 comprime
658 4094 758 4148 istunc.
778 4092 826 4147 01,
895 4094 961 4163 quid
981 4092 1051 4146 dicit
1119 4094 1170 4146 342
1188 4092 1304 4145 aduorte
1318 4089 1347 4144 B

227 4181 278 4232 343
296 4195 405 4231 mecum
423 4181 572 4246 impetrare
663 4197 725 4234 mea
744 4181 852 4235 uxorI
939 4181 989 4232 345
1006 4177 1042 4230 ha
1060 4175 1090 4229 E
1174 4180 1224 4230 343
1240 4177 1301 4230 redi
1318 4176 1347 4230 B

229 4264 350 4317 uixerarn
370 4263 418 4317 IE
483 4267 534 4318 343
554 4264 581 4319 S.
599 4266 638 4320 ita
656 4265 684 4320 B
753 4272 840 4360 tango
859 4263 888 4319 Ε
954 4267 1005 4318 850
1023 4269 1106 4332 atque
1125 4280 1177 4330 ego
1195 4261 1225 4316 E
