2982 5012
256 377 296 439 72
763 363 856 419 Plauti

147 515 152 524 Ι
253 562 337 626 Date
360 527 425 638 aas,
449 559 476 623 si
498 577 564 622 non
588 561 647 622 eet.
693 553 797 636 Agite,
820 571 920 638 porro
943 549 1080 636 pergite,

257 669 415 748 Quoniam
438 663 631 750 occepistia3
653 661 762 742 bibite,
784 659 1054 746 pergraecamini

256 775 346 856 Este,
369 773 519 841 ecfercite
541 791 614 851 uos,
637 771 784 854 raginam
807 768 827 850 †
849 767 986 858 caedite.

743 945 893 1010 Tranio

258 1079 343 1144 Tace
366 1083 466 1161 etque
488 1075 543 1142 abi
565 1097 641 1158 ωας
665 1095 725 1160 ego
747 1076 795 1142 ire
818 1075 851 1139 in
873 1073 1025 1140 Piraeum
1048 1071 1123 1138 uelo

190 1188 197 1212 ⁸
259 1187 296 1253 ln
318 1205 492 1269 uesperum
514 1201 632 1265 parare
655 1185 816 1268 piscatum
838 1181 927 1262 mihi.

90 1277 93 1286 “
259 1293 379 1358 emon
401 1291 462 1358 eet
484 1291 604 1375 uliquis
626 1311 700 1358 oras
722 1290 797 1366 faxo
820 1289 863 1354 au
885 1288 998 1354 uiuam
1021 1287 1158 1354 anferre

262 1399 347 1478 Quid
370 1405 428 1480 eat,
451 1399 537 1482 quod
561 1405 597 1465 tu
619 1420 670 1466 me
692 1418 779 1464 nnnc
801 1404 947 1482 optume,
969 1395 1125 1462 furcifer?

737 1568 900 1634 Grumio

262 1700 319 1767 Pol
342 1700 403 1767 tibi
426 1701 514 1766 istuc
536 1699 634 1778 credo
656 1719 772 1771 nomen
796 1703 945 1764 actutum
967 1696 1046 1762 fore.
1108 1709 1110 1714 '

747 1869 896 1934 Tranio

220 1983 223 1990 ¹
261 2001 346 2066 Dum
367 2001 494 2066 interce
515 2001 562 2066 sic
584 1999 636 2079 eit,
659 2001 746 2066 istuc
769 1997 934 2064 ’actutum'
958 1999 1039 2066 sino.

738 2170 900 2237 Grumio

261 2301 312 2367 Ite
335 2307 393 2380 eat,
417 2301 594 2366 sedunum
616 2299 681 2366 hoc
703 2302 804 2368 scito:
824 2300 926 2366 nimio
948 2298 1086 2364 celerius
1482 2377 1483 2382 ἵ

261 2409 369 2488 Uenit,
393 2408 482 2494 quod
503 2407 596 2488 nolis,
620 2427 719 2492 quam
740 2407 832 2486 illud,
856 2407 944 2491 quod
967 2406 1084 2491 cupide
1106 2413 1209 2489 petea
1356 2427 1393 2478 ἰο

749 2591 897 2660 Tranio

261 2727 419 2793 Molestus
441 2746 482 2790 ne
505 2726 567 2806 sie3
589 2745 675 2791 nunc
696 2727 762 2790 iam
783 2725 794 2790 i
815 2745 887 2804 rua;
910 2732 943 2789 te
966 2745 1115 2806 amone„

261 2833 309 2899 Ne
331 2840 368 2900 tu
391 2832 501 2898 hercle
524 2832 718 2918 praeterhac
739 2832 819 2898 mihi
841 2852 906 2898 non
928 2831 1029 2898 facies
1053 2819 1187 2898 m'cram.

716 3075 719 3084 1
742 3007 903 3074 Gremio

262 3140 353 3206 Satin
377 3139 458 3205 abiit
479 3159 586 3224 neque
609 3139 696 3224 quod
719 3139 785 3204 dixi
807 3137 901 3204 flocci
924 3139 1121 3204 existumat?

260 3248 323 3313 Pro
346 3248 380 3313 di
402 3247 603 3326 inmortales,
626 3246 762 3313 obsecro
784 3253 932 3314 uestram
953 3245 1061 3324 fidem,

260 3335 381 3434 Facite,
404 3355 468 3422 huc
489 3362 527 3422 ut
548 3355 664 3421 redeat
685 3363 797 3420 noster
820 3355 1082 3438 quamprimum
1104 3374 1214 3434 senex,
1358 3375 1393 3426 τᾶ

260 3463 447 3530 Triennium
469 3464 525 3546 qui
548 3463 613 3528 iam
634 3461 710 3528 hinc
732 3463 835 3540 abeat,
859 3463 1053 3547 priusquam
1072 3443 1184 3528 ¹omniu

260 3571 400 3652 Periere,
423 3578 457 3636 et
478 3570 576 3636 aedes
590 3576 633 3674 'et
654 3591 749 3654 agen
773 3572 827 3653 qui
850 3571 912 3636 nisi
935 3570 999 3634 huc
1021 3570 1116 3649 redit,

328 3809 363 3862 60
380 3805 455 3862 Dete
472 3823 501 3861 ea
519 3807 656 3862 inoneatir
673 3807 711 3875 Β,
733 3808 797 3862 date
816 3824 845 3861 ea
863 3807 1010 3862 inhoneste
1030 3805 1054 3864 0
1104 3809 1136 3861 61
1156 3809 1294 3878 occepisti
1314 3809 1339 3866 0

260 3893 319 3948 bibi
401 3893 436 3948 62
454 3909 485 3948 ec
503 3891 584 3947 ferite
601 3892 636 3962 B,
656 3891 778 3948 ecferute
798 3891 820 3948 0
898 3891 988 3948 cedite
1008 3891 1031 3947 0
1104 3894 1138 3947 66
1156 3909 1276 3962 pyreum
1295 3913 1347 3950 που
1368 3897 1390 3951 0

259 3979 294 4032 66
306 3977 347 4032 'ad
364 3977 463 4032 uillam
479 3976 555 4046 faro„
569 3977 617 4032 aad
634 3983 751 4033 conecto
769 3976 903 4033 careret]
971 3979 1006 4032 66
1023 3976 1095 4046 Quid
1114 3985 1157 4032 eat
1175 3978 1289 4047 qnidG
1355 3985 1389 4037 66

260 4065 402 4120 intereas·
435 4063 472 4120 66λ
487 4061 619 4118 sceleriua
627 4062 666 4131 B,
680 4060 850 4118 cecleriuaO
898 4063 932 4116 70
950 4061 1053 4117 Uenire
1072 4063 1146 4132 quod
1163 4064 1283 4120 moleste
1303 4084 1388 4136 quum

259 4151 293 4204 '72
310 4147 352 4205 Ne
370 4154 402 4202 tn
420 4163 495 4202 erree
512 4147 604 4202 hercle
690 4145 795 4202 facieea
889 4149 922 4202 73
935 4149 1065 4215 pruaeimc
1078 4146 1267 4217 postponat*
1331 4155 1388 4206 -77

260 4232 414 4304 perteret]
