2982 5004
267 337 324 396 192
776 331 865 383 Pia-iti

262 467 573 604 Coepi'adsentari:
597 521 715 584 mulier
736 520 898 603 quidquid
921 519 1058 584 dixerim

263 629 352 694 ldem
376 651 435 712 ego
459 629 616 694 dicebam.
662 627 748 704 Quid
771 629 883 692 multis
907 629 1017 692 uerbis
1040 637 1153 709 opust?

264 737 388 803 Minore
412 760 575 820 nusquam
598 738 680 800 bene
704 735 750 800 fui
774 737 953 820 dispendio.

712 889 936 956 Peniculus

265 1001 373 1066 Adibo
395 1001 437 1065 ad
460 1001 638 1067 hominem:
661 1021 737 1064 num
761 998 895 1063 turbare
918 1003 1030 1082 gestio.

683 1153 966 1220 Menaechmus

265 1263 346 1341 Quis
369 1265 421 1328 hie
444 1271 503 1344 est,
527 1265 584 1348 qui
605 1262 766 1328 aduersus
788 1263 813 1326 it
836 1263 937 1327 mihi?

717 1416 934 1482 Peniculus

985 1527 1071 1603 Quid
1094 1529 1151 1603 ais,
1172 1527 1270 1592 homo
1339 1548 1392 1597 475

265 1637 386 1702 Leuior
407 1655 505 1718 quam
529 1635 649 1718 pluma,
673 1657 826 1718 pessume
849 1643 883 1700 et
905 1637 1124 1719 nequissume,

266 1729 441 1824 Fle'gitium
459 1743 613 1818 ,hominis
638 1743 774 1808 subdole
797 1765 836 1808 uo
859 1747 993 1810 minumi
1017 1747 1122 1828 preti?

266 1853 351 1931 Quid
375 1853 414 1916 de
438 1861 470 1916 te
494 1853 608 1920 merui.
634 1871 700 1934 qun
722 1875 774 1917 me
796 1873 895 1917 cause
917 1854 1092 1937 perderes?

266 1961 311 2026 L't
334 1961 534 2044 surrupuisti
559 1969 591 2024 te
615 1959 693 2024 mihi
718 1961 840 2026 dudum
864 1961 904 2026 de
928 1961 1031 2039 foro„

265 2069 390 2160 Feeisti
412 2069 508 2135 sunus
531 2069 605 2132 med
628 2069 759 2134 absenti
781 2069 929 2152 prandio.
1025 2063 1029 2070 “
1340 2091 1393 2142 480

267 2175 334 2242 Cur
355 2180 485 2260 ousus’s
504 2178 621 2256 faeere
644 2179 721 2259 quoi
745 2199 804 2258 ego
828 2199 931 2261 seque
953 2178 1047 2242 heres
1070 2181 1182 2244 erem?

686 2331 969 2397 Menaechmus

267 2439 476 2513 Adulescens,
499 2461 632 2522 quaeso,
655 2439 735 2522 qnid
759 2439 818 2504 tibi
842 2461 967 2504 mecum
990 2441 1119 2518 estrei,

269 2547 330 2624 Qui
354 2549 432 2612 mihi
455 2549 539 2614 male
563 2549 662 2626 dieas,
684 2548 806 2613 homini
829 2551 951 2632 ignoto,
976 2549 1137 2613 insciens?

268 2659 315 2720 An
339 2657 398 2721 tibi
421 2657 542 2722 malam
566 2679 633 2740 rem
656 2659 708 2722 uis
732 2677 790 2739 pro
813 2657 997 2722 maledictis
1020 2647 1115 2722 durii

718 2812 937 2894 Peniculus

268 2918 368 2994 istem
392 2919 524 3002 quidem
548 2919 664 3003 edepol
687 2927 720 2984 te
743 2918 872 2986 dedisse
895 2919 1059 3002 intellego.

688 3073 973 3140 Menaechmus

271 3181 455 3265 Responde,
479 3177 683 3263 adulescens}
705 3205 837 3267 quaeso,
861 3185 940 3266 quid
961 3203 1077 3248 nomeu
1101 3181 1162 3246 tibi
1184 3181 1257 3246 est?

722 3337 938 3402 Peniculus

268 3443 375 3508 Etiam
400 3445 535 3515 derides.
561 3447 654 3529 quusi
678 3467 794 3510 nomeu
817 3468 881 3509 non
905 3446 1057 3510 noueris?

687 3616 970 3682 Menaechmus

268 3723 340 3788 Non
363 3724 480 3826 edepol
503 3747 562 3806 ego
585 3732 628 3804 te,
653 3723 740 3809 quod
764 3728 877 3802 seiani,
901 3746 1055 3806 umquem
1079 3731 1153 3788 ante
1176 3723 1265 3788 hunc
1287 3725 1371 3788 diem

270 3875 495 3886 ...ψ-,-
1470 3851 1471 3900 i

353 3962 403 4014 472
421 3967 503 4030 opust
521 3978 569 4016 om.
632 3963 682 4016 475
700 3951 852 4016 aduersum
871 3964 907 4016 sii
968 3963 1071 4032 ugisC
1128 3963 1181 4016 480
1198 3963 1331 4016 sumuuC

269 4063 330 4098 ineo
350 4045 457 4098 absenti
518 4049 564 4100 481
587 4063 668 4102 ausus
729 4067 762 4102 ee
780 4067 850 4117 quse
868 4049 943 4102 heris
961 4051 1056 4103 herem
1117 4045 1241 4102 462Pu.
1260 4047 1286 4101 B
1337 4051 1386 4100 483
1439 4053 1470 4135 p

268 4129 372 4185 homiui
392 4131 437 4183 hie
457 4135 524 4184 noto
578 4132 681 4186 insiens
699 4133 725 4186 Β
776 4137 826 4188 485
846 4133 913 4188 Post
931 4151 990 4188 oum
1044 4135 1094 4188 486
1113 4131 1160 4202 (jui
1218 4135 1270 4188 {ibi
1288 4151 1386 4188 nomeu

269 4219 295 4268 et
315 4217 346 4282 Β,
367 4215 417 4268 tihi
438 4233 538 4269 nomen
559 4218 636 4270 site*
702 4221 753 4272 438
772 4221 845 4288 quad
866 4222 886 4272 A

1328 4852 1352 4925 κ.
1451 4623 1467 4960 A
