3030 5050
785 397 877 460 Plauti

716 595 954 661 Pardalisca

360 700 477 766 Habet.

716 823 807 907 Lysi
820 824 955 889 damus

523 929 563 994 Ei
586 932 706 996 misere
729 931 822 997 mihi!
869 931 935 998 Gur
957 953 1033 998 eum
1055 932 1176 999 habet?
1351 954 1409 1006 aar,
1503 1019 1504 1024 ἵ

714 1069 953 1135 Pardalisca

357 1175 544 1242 Insectatur
566 1179 669 1242 omnis
692 1177 779 1242 domi
802 1199 860 1260 per
882 1179 972 1244 aedis

357 1289 423 1350 Nec
445 1307 644 1370 quemquam
666 1307 767 1368 prope
789 1286 831 1351 ad
856 1307 890 1352 se
912 1289 990 1352 sinit
1013 1287 1113 1352 adire.

356 1391 408 1458 Ita
430 1415 542 1458 omnes
566 1394 626 1459 sub
650 1397 746 1465 arcis,
770 1395 830 1460 sub
854 1395 948 1461 lectis
971 1395 1111 1461 latentes

356 1501 446 1566 Metu
469 1504 654 1568 mussitant.

712 1622 949 1706 Lysidamns
1044 1681 1047 1690 .

705 1729 818 1797 Occidi
840 1739 939 1816 atque
963 1731 1081 1796 interii.

355 1837 442 1916 Quid
467 1839 514 1904 illi
537 1840 736 1906 obiectumst
759 1841 834 1906 mali
857 1848 925 1906 tam
947 1841 1104 1923 repente?

709 1977 947 2043 Pardalisca

353 2083 490 2150 Insanit.

708 2193 942 2278 Lysidamna

536 2301 818 2367 Scelestissunmm
840 2323 892 2368 me
914 2323 986 2368 esse
1009 2302 1115 2368 credo.

707 2439 946 2504 Pardalisca

352 2547 455 2612 humo
479 2549 625 2628 sisciae,
649 2549 738 2614 dicta
760 2568 845 2633 quae
868 2547 951 2612 dixit
973 2548 1079 2613 hodie.

708 2668 940 2752 Lysidamus

351 2774 444 2841 Istuc
467 2784 584 2860 expeto
608 2778 699 2856 scire,
722 2777 803 2860 quid
826 2775 918 2840 dixit.

705 2895 945 2976 Pardalisca

964 3004 1059 3070 Audi.

350 3113 413 3179 Per
436 3135 546 3178 omnes
570 3113 648 3178 deos
671 3121 704 3178 et
727 3114 806 3178 deas
831 3113 993 3178 deierauit

348 3223 535 3287 Occisuram
559 3242 633 3286 eum
655 3221 718 3286 hac
741 3229 836 3288 nocte
860 3223 991 3306 quicum
1015 3221 1160 3286 cubaret
1332 3243 1389 3297 645

698 3341 942 3425 Lymdamus

348 3451 400 3516 Me
423 3450 571 3515 occidet?

697 3570 942 3636 Pardalisca

594 3679 643 3742 An
666 3679 834 3762 quippiam
857 3681 900 3744 ad
923 3686 956 3744 te
979 3679 1125 3744 adtinet?

700 3798 939 3882 Lysidamus

1170 3909 1254 3973 Uah!

344 4129 395 4182 635
413 4145 462 4182 cor
479 4130 498 4182 1
573 4130 624 4183 638
642 4129 733 4184 archis
750 4130 771 4184 I
844 4129 986 4185 sublectus
1004 4129 1034 4184 E
1113 4133 1167 4186 640
1184 4131 1322 4186 maliciam
1342 4133 1380 4202 B,

261 4213 359 4267 mallia
376 4211 411 4283 Ε,
429 4216 557 4269 maliciae
575 4217 593 4270 Ι
729 4217 780 4270 642
797 4216 968 4270 imincsiciae
988 4215 1017 4270 E
1146 4221 1197 4272 646
1216 4225 1333 4286 expecto
1354 4219 1384 4276 B

261 4301 312 4354 644
330 4300 468 4354 deiurauit
535 4303 586 4355 645
605 4301 782 4356 Occissurum
800 4299 876 4354 Bm
