2982 5004
271 347 333 406 266
753 345 892 414 Epidicus.

268 556 329 596 non
349 537 445 596 video.
459 567 501 578 -—
519 541 589 598 278.
613 537 703 610 enim,
729 563 755 598 v.
775 541 813 598 ad
830 539 936 616 Amph.
955 543 1080 600 651.—
1098 543 1169 598 279.
1194 541 1238 612 ul,
1258 541 1295 600 cf,
1317 539 1386 598 268.

269 669 311 680 ·-
334 643 405 698 280.
440 639 546 698 lliatus
568 645 599 700 in
621 641 752 707 diaeresi;
786 643 838 700 sed
865 647 937 714 iura,
961 643 1063 715 oredo,
1094 659 1160 702 eunt
1184 643 1256 701 cdd.
1279 642 1386 702 Luchs.

268 745 299 802 in
322 741 453 800 Studern.
477 743 562 802 Stud.
586 744 599 802 1
627 764 657 821 p.
682 749 737 816 25,
765 745 869 804 Goelz.
892 773 933 784 -
956 748 1028 804 281.
1060 743 1140 817 .,οε1“
1166 765 1272 802 versus
1300 765 1388 802 causa

269 845 465 904 omittendum
494 855 572 918 erat,
606 847 709 906 Goetz.
733 867 798 906 curn
821 849 933 906 Weisio
962 850 992 906 in
1014 849 1238 907 antecedentem
1268 867 1388 904 versum

268 948 436 1006 transtulit:
475 947 605 1015 ,tuast“.
629 977 671 990 —-
695 943 778 1024 Quid
801 952 833 1008 tu
856 951 958 1008 orclem
980 950 1082 1022 codd.;
1106 949 1224 1008 llirller.
1250 948 1337 1008 Pros.
1356 970 1386 1025 p.

271 1053 331 1108 306
354 1047 405 1108 aia
427 1050 557 1122 eddidit,
587 1053 668 1128 quod
689 1055 738 1110 vix
761 1053 857 1111 audiri
880 1059 994 1128 potest;
1028 1053 1164 1129 equidem
1193 1049 1263 1110 inde
1285 1056 1389 1110 ortum

269 1151 359 1210 credo
383 1151 532 1224 ,entem“.
559 1185 594 1194 -
622 1157 692 1213 282.
719 1151 802 1230 Quid
822 1163 931 1232 preter
952 1156 977 1215 B
999 1163 1070 1214 cett.
1093 1154 1180 1214 codd.
1223 1150 1309 1214 uiam
1330 1173 1387 1212 cm.

269 1255 387 1312 Brixius
409 1258 486 1314 Ann.
510 1257 613 1333 philol.
638 1257 673 1314 CI
696 1277 725 1334 p:
740 1261 811 1316 766.
827 1287 870 1298 -··
892 1255 963 1328 nisi,
987 1259 1107 1316 81266.
1127 1285 1171 1298 -
1194 1259 1265 1316 283.
1287 1251 1389 1330 fucrit

269 1345 334 1416 crim
357 1357 560 1417 Lindemanno
583 1357 733 1418 Goctziua.
765 1389 802 1400 -
834 1363 905 1419 284.
937 1355 982 1420 Tu
1012 1365 1069 1418 cet.
1092 1359 1268 1436 Periphania
1297 1359 1390 1416 verbe

269 1480 333 1518 esse
356 1461 469 1537 pridem
492 1462 675 1520 intellectum
704 1469 758 1522 est.
809 1457 855 1522 Tu
880 1479 918 1522 tic
939 1465 1059 1538 scripsi,
1089 1482 1116 1520 v.
1141 1461 1179 1520 ad
1205 1463 1286 1520 Asin
1312 1463 1387 1520 877.

268 1563 328 1622 Alii
351 1563 448 1621 aliter.
493 1564 587 1642 Gepp.
609 1565 757 1638 „Nimium
783 1569 870 1643 sapia.
916 1565 967 1624 Sat
988 1565 1116 1642 placet“.
1162 1561 1267 1622 Gesta.
1289 1563 1386 1636 ,Sanc

269 1667 346 1742 sapit
368 1673 398 1723 et
419 1666 548 1744 plecet“.
604 1669 737 1727 Leuius:
780 1669 889 1740 ,Plane
913 1663 992 1745 sapis
1014 1675 1044 1724 et
1066 1663 1197 1744 placet“.
1252 1665 1386 1724 Eandem

268 1771 298 1826 in
321 1775 446 1844 utraque
469 1773 616 1828 sententie
637 1789 793 1846 personam
816 1791 875 1830 non
898 1775 943 1830 eet
966 1769 1045 1846 quod
1068 1768 1266 1847 postulemus,
1296 1791 1324 1828 v.
1347 1768 1387 1826 ad

267 1873 350 1929 Asin.
376 1875 508 1930 691-
531 1875 602 1931 285.
626 1867 734 1944 calide,
758 1874 795 1932 ci.
817 1875 886 1962 114.
930 1869 959 1932 si
981 1867 1057 1948 quid
1078 1891 1132 1930 cm.
1151 1871 1259 1928 Luchs.
1283 1872 1384 1929 llcrm.

268 1975 336 2032 Vlll
358 1997 389 2052 p.
416 1977 483 2035 119.
509 2005 545 2015 -
579 1978 649 2034 286.
682 1970 769 2048 Rem,
793 1979 813 2034 i.
837 1997 862 2034 e.
887 1979 981 2053 ipsam
1005 1995 1081 2046 rem,
1105 1973 1136 2031 id
1159 1974 1241 2050 qued
1264 1979 1325 2046 eat,
1349 1973 1384 2032 cf.

268 2078 348 2136 Pera.
373 2081 427 2136 94:
455 2099 536 2150 ,rem
558 2080 692 2156 loquitur
715 2077 856 2137 meram¹*.
900 2079 982 2136 Trin:
1006 2080 1083 2135 480:
1117 2095 1197 2150 „rem
1221 2074 1385 2135 fabulare“.

268 2180 346 2238 Men.
373 2183 467 2240 1050:
506 2181 578 2256 ,hoc
606 2181 686 2258 quod
715 2187 866 2240 res-est&
894 2211 935 2222 —-
967 2175 1041 2240 laec
1062 2175 1202 2254 cuapicto
1232 2177 1304 2236 ferri
1328 2197 1386 2236 non
1464 2173 1465 2234 l

269 2289 380 2358 potest,
411 2305 478 2342 nam
500 2283 583 2342 nulla
605 2289 834 2343 commemorata
857 2291 911 2342 est.
956 2282 1058 2341 Goetz.
1081 2282 1159 2339 hunc
1180 2299 1299 2339 versum
1321 2301 1386 2340 curn

269 2385 384 2444 duobus
406 2389 550 2464 proximis
567 2393 634 2463 post
652 2407 679 2444 v.
694 2388 752 2445 291
775 2389 885 2463 posuit,
909 2407 962 2444 nec
984 2393 1083 2444 temen
1106 2385 1202 2442 locum
1220 2383 1385 2461 expedivit,

269 2509 337 2545 nam
359 2509 386 2546 v.
411 2491 470 2547 289
494 2489 686 2548 vehementer
708 2491 851 2560 mutavit,
874 2495 905 2546 et
926 2509 1043 2548 versum
1064 2493 1131 2546 ante
1154 2506 1219 2544 enm
1244 2488 1387 2546 excidisse

269 2593 384 2648 statuit.
439 2579 548 2649 Verum
577 2592 653 2649 vidit
667 2591 820 2669 'Geppert
844 2609 863 2650 a
892 2595 921 2650 tc
947 2591 1092 2662 scribens,
1126 2609 1184 2666 quo
1215 2591 1307 2648 etiam
1337 2609 1387 2647 sua

269 2693 405 2751 redditur
432 2693 523 2751 verbo
546 2697 737 2754 constructio.
760 2725 803 2736 -
826 2697 898 2754 288.
926 2689 990 2766 illc,
1013 2693 1052 2751 ad
1073 2693 1219 2752 lenonem.
1243 2721 1288 2732 ·-
1317 2695 1384 2752 289.

271 2796 298 2852 tc
316 2791 389 2853 nolo
407 2812 512 2870 neque,
536 2818 575 2856 sc.
594 2797 649 2854 hoc
667 2798 778 2870 iacere,
800 2797 942 2856 facillimo
959 2796 1087 2854 remedio
1105 2801 1279 2870 corruptam
1303 2795 1384 2852 codd.
1463 2811 1464 2874 j

270 2896 334 2954 Bet
346 2897 359 2954 1
371 2901 547 2974 scripturam
565 2899 728 2960 emendavi.
767 2899 864 2974 Vulgo
882 2899 1039 2958 edebatur:
1067 2905 1114 2970 ,te
1125 2897 1177 2955 illo
1190 2915 1249 2956 non
1262 2905 1385 2973 aeque“;
1463 2911 1464 2936 t

269 2997 378 3074 Gepp.:
406 3001 489 3070 ,Non
511 3009 542 3060 tc
565 3002 664 3060 lenoni
687 3001 810 3078 aeqne“;
851 3002 952 3061 (loeta.
978 3001 1070 3074 „Cum
1092 3001 1199 3057 lenone
1216 3019 1294 3076 quae
1312 3019 1384 3076 opus

270 3108 337 3155 sunt
365 3100 474 3160 lacto“.
505 3133 543 3144 -
573 3100 624 3164 Ne
646 3111 757 3181 prater
778 3105 802 3164 B
825 3113 894 3163 cett.
924 3135 966 3145 -
995 3105 1065 3162 291.
1096 3102 1208 3162 coenat
1230 3101 1319 3160 Both.
1347 3131 1383 3140 -

271 3203 342 3259 292.
365 3197 434 3275 Hic,
458 3205 630 3282 Apoecides.
652 3235 685 3246 -·
698 3209 769 3266 293.
792 3204 861 3265 iura
880 3205 932 3284 qui
949 3209 978 3266 ct
992 3201 1074 3282 loyes
1087 3205 1176 3277 tenet,
1197 3204 1234 3262 cf.
1249 3207 1308 3263 521
1323 3223 1381 3280 sqq.

268 3307 316 3342 -'
335 3308 404 3363 294.
434 3301 704 3384 Epidicoscripsi.
752 3309 933 3388 Periphanes
954 3308 1133 3386 Apoecidem
1155 3306 1240 3366 iubet
1261 3305 1382 3382 Epidico

269 3410 397 3481 gratiam
431 3409 539 3468 hebere
572 3419 696 3488 propter
725 3419 787 3470 tam
815 3412 1003 3489 splendidum
1033 3410 1247 3469 testimonium.
1304 3407 1381 3480 Quod
1462 3473 1463 3478 .

269 3513 409 3583 quoniam
436 3531 490 3587 per
520 3515 644 3572 ironiam
674 3516 820 3590 quandam
850 3515 975 3586 dicitur,
1009 3533 1068 3571 non
1099 3512 1205 3570 mirum
1240 3519 1285 3570 est
1313 3509 1380 3568 nihil

271 3613 457 3686 responderi,
481 3633 533 3670 nce
552 3614 669 3690 Epidici
690 3615 789 3686 verba,
814 3635 879 3692 qum
896 3621 1070 3693 sequuntur,
1094 3612 1213 3672 adhaec
1232 3612 1379 3672 referenda

271 3719 348 3784 aunt,
372 3711 423 3770 sed
440 3716 535 3790 ipsius
553 3720 718 3775 orationem
735 3720 919 3777 continuant.
955 3719 1051 3793 Vulgo
1068 3737 1134 3776 curn
1153 3716 1262 3776 Guieto
1279 3715 1376 3775 edunt:

274 3815 351 3884 ,alt
362 3815 496 3891 Epidicc,
514 3819 607 3878 habeo
619 3819 775 3892 gratiam“,
795 3822 879 3897 quasi
897 3824 961 3899 ipsc
973 3826 1097 3899 propter
1108 3819 1219 3878 bonum
1232 3819 1375 3878 consilium

271 3935 354 3972 servo
377 3919 488 3990 gratias
518 3924 595 3992 agat.
618 3949 661 3958 -
687 3919 804 3996 sacram
831 3926 889 3980 iam
918 3927 949 3981 in
972 3923 995 3980 Β
1024 3922 1222 3981 emendatum.
1267 3914 1375 3989 seduli),

271 4038 298 4074 v.
321 4017 357 4073 ad
381 4020 465 4092 l'apt.
490 4023 559 4078 880.
589 4049 630 4062 -
658 4024 727 4082 295.
762 4025 904 4084 Codicum
933 4027 1082 4101 scriptura
1111 4043 1206 4100 prava
1239 4031 1299 4094 eat3
1332 4041 1375 4080 nec
1461 4077 1462 4088 .

273 4118 380 4177 lactum
404 4126 524 4178 estnec
546 4123 607 4179 ulla
629 4143 716 4183 causa
738 4133 810 4198 erat,
835 4147 887 4184 cur
909 4127 1002 4198 fieret,
1026 4135 1061 4185 ut
1082 4129 1218 4185 lenonem
1244 4125 1283 4183 ad
1306 4125 1375 4184 Peri·
1461 4171 1462 4186 ,

271 4218 396 4291 pirenem
418 4221 591 4296 adduceret,
614 4227 713 4302 itaque
730 4227 903 4286 Reinhardt.
924 4231 954 4288 in
974 4229 1104 4289 Studcm.
1124 4228 1209 4288 Stnd.
1228 4228 1290 4307 lp.
1311 4231 1374 4286 105:
