<?xml version="1.0" encoding="UTF-8"?>
<!DOCTYPE html PUBLIC "-//W3C//DTD XHTML 1.0 Transitional//EN"
    "http://www.w3.org/TR/xhtml1/DTD/xhtml1-transitional.dtd">
<html xmlns="http://www.w3.org/1999/xhtml" xml:lang="en" lang="en">
 <head>
  <title>
</title>
<meta http-equiv="Content-Type" content="text/html;charset=utf-8" />
  <meta name='ocr-system' content='tesseract 3.04.00' />
  <meta name='ocr-capabilities' content='ocr_page ocr_carea ocr_par ocr_line ocrx_word'/>
</head>
<body>
  <div class='ocr_page' id='page_1' title='image "./tmacciiplautico03ussigoog_0199.png"; bbox 0 0 2976 5018; ppageno 0'>
   <div class='ocr_carea' id='block_1_1' title="bbox 279 365 921 430">
    <p class='ocr_par' dir='ltr' id='par_1_1' title="bbox 279 365 921 430">
     <span class='ocr_line' id='line_1_1' title="bbox 279 365 921 430; baseline -0.016 -2"><span class='ocrx_word' id='word_1_1' title='bbox 279 369 337 430; x_wconf 83' lang='grc'><strong>188</strong></span> <span class='ocrx_word' id='word_1_2' title='bbox 757 365 921 420; x_wconf 72' lang='lat' dir='ltr'><strong>Cistellaria.</strong></span> 
     </span>
    </p>
   </div>
   <div class='ocr_carea' id='block_1_2' title="bbox 275 551 1388 1872">
    <p class='ocr_par' dir='ltr' id='par_1_2' title="bbox 275 551 1388 1872">
     <span class='ocr_line' id='line_1_2' title="bbox 276 551 1384 620; baseline -0.005 -2"><span class='ocrx_word' id='word_1_3' title='bbox 276 562 395 620; x_wconf 85' lang='lat' dir='ltr'><strong>voculas</strong></span> <span class='ocrx_word' id='word_1_4' title='bbox 418 561 574 620; x_wconf 81' lang='lat' dir='ltr'>adhinnire</span> <span class='ocrx_word' id='word_1_5' title='bbox 597 559 778 620; x_wconf 86' lang='lat' dir='ltr'><strong>tentabam“.</strong></span> <span class='ocrx_word' id='word_1_6' title='bbox 802 593 843 602; x_wconf 97' lang='lat'>—</span> <span class='ocrx_word' id='word_1_7' title='bbox 867 565 938 620; x_wconf 79' lang='lat'><strong>264.</strong></span> <span class='ocrx_word' id='word_1_8' title='bbox 966 555 1032 620; x_wconf 81' lang='lat' dir='ltr'><strong>solu</strong></span> <span class='ocrx_word' id='word_1_9' title='bbox 1055 553 1143 620; x_wconf 78' lang='lat' dir='ltr'><strong>nollo</strong></span> <span class='ocrx_word' id='word_1_10' title='bbox 1164 556 1294 619; x_wconf 74' lang='lat' dir='ltr'><strong>inullior</strong></span> <span class='ocrx_word' id='word_1_11' title='bbox 1317 551 1384 618; x_wconf 70' lang='lat' dir='ltr'><strong>solet</strong></span> 
     </span>
     <span class='ocr_line' id='line_1_3' title="bbox 277 663 1384 740; baseline -0.005 -17"><span class='ocrx_word' id='word_1_12' title='bbox 277 679 352 723; x_wconf 78' lang='lat' dir='ltr'><strong>esse.</strong></span> <span class='ocrx_word' id='word_1_13' title='bbox 416 665 511 722; x_wconf 80' lang='lat' dir='ltr'>Senex</span> <span class='ocrx_word' id='word_1_14' title='bbox 545 667 639 739; x_wconf 83' lang='lat' dir='ltr'><strong>ipsam</strong></span> <span class='ocrx_word' id='word_1_15' title='bbox 672 666 820 740; x_wconf 78' lang='lat' dir='ltr'><strong>intelligit,</strong></span> <span class='ocrx_word' id='word_1_16' title='bbox 854 665 1044 740; x_wconf 79' lang='lat' dir='ltr'><strong>Gymnasium</strong></span> <span class='ocrx_word' id='word_1_17' title='bbox 1074 663 1156 722; x_wconf 86' lang='lat' dir='ltr'><strong>aliud</strong></span> <span class='ocrx_word' id='word_1_18' title='bbox 1186 663 1295 733; x_wconf 78' lang='lat' dir='ltr'><strong>volnit3</strong></span> <span class='ocrx_word' id='word_1_19' title='bbox 1328 681 1384 737; x_wconf 80' lang='lat' dir='ltr'><strong>qne</strong></span> 
     </span>
     <span class='ocr_line' id='line_1_4' title="bbox 276 766 1385 845; baseline -0.006 -19"><span class='ocrx_word' id='word_1_20' title='bbox 276 769 415 844; x_wconf 81' lang='lat' dir='ltr'><strong>quoniam</strong></span> <span class='ocrx_word' id='word_1_21' title='bbox 444 768 499 825; x_wconf 91' lang='lat' dir='ltr'><strong>sibi</strong></span> <span class='ocrx_word' id='word_1_22' title='bbox 528 768 583 826; x_wconf 92' lang='lat' dir='ltr'><strong>hoc</strong></span> <span class='ocrx_word' id='word_1_23' title='bbox 607 773 776 845; x_wconf 79' lang='lat' dir='ltr'><strong>opportune</strong></span> <span class='ocrx_word' id='word_1_24' title='bbox 799 771 931 828; x_wconf 82' lang='lat' dir='ltr'><strong>evenisse</strong></span> <span class='ocrx_word' id='word_1_25' title='bbox 955 768 1041 837; x_wconf 77' lang='lat' dir='ltr'><strong>dicit,</strong></span> <span class='ocrx_word' id='word_1_26' title='bbox 1071 766 1135 826; x_wconf 89' lang='lat' dir='ltr'><strong>fieri</strong></span> <span class='ocrx_word' id='word_1_27' title='bbox 1159 787 1217 824; x_wconf 91' lang='lat' dir='ltr'><strong>non</strong></span> <span class='ocrx_word' id='word_1_28' title='bbox 1239 770 1338 842; x_wconf 87' lang='lat' dir='ltr'><strong>potest</strong></span> <span class='ocrx_word' id='word_1_29' title='bbox 1357 769 1385 821; x_wconf 87' lang='lat' dir='ltr'><strong>ut</strong></span> 
     </span>
     <span class='ocr_line' id='line_1_5' title="bbox 277 869 1384 949; baseline -0.005 -21"><span class='ocrx_word' id='word_1_30' title='bbox 277 869 424 928; x_wconf 86' lang='lat' dir='ltr'><strong>Selenium</strong></span> <span class='ocrx_word' id='word_1_31' title='bbox 448 869 647 947; x_wconf 77' lang='lat' dir='ltr'><strong>intelligatur3</strong></span> <span class='ocrx_word' id='word_1_32' title='bbox 676 871 769 949; x_wconf 91' lang='lat' dir='ltr'><strong>ipsius</strong></span> <span class='ocrx_word' id='word_1_33' title='bbox 794 877 886 930; x_wconf 88' lang='lat' dir='ltr'><strong>mater</strong></span> <span class='ocrx_word' id='word_1_34' title='bbox 908 870 1101 946; x_wconf 88' lang='lat' dir='ltr'><strong>intelligenda</strong></span> <span class='ocrx_word' id='word_1_35' title='bbox 1124 875 1178 942; x_wconf 85' lang='lat' dir='ltr'><strong>est,</strong></span> <span class='ocrx_word' id='word_1_36' title='bbox 1202 869 1384 945; x_wconf 83' lang='lat' dir='ltr'><strong>quambrevi</strong></span> 
     </span>
     <span class='ocr_line' id='line_1_6' title="bbox 275 971 1386 1049; baseline -0.002 -20"><span class='ocrx_word' id='word_1_37' title='bbox 275 973 441 1031; x_wconf 87' lang='lat' dir='ltr'><strong>videbimus</strong></span> <span class='ocrx_word' id='word_1_38' title='bbox 473 971 564 1032; x_wconf 88' lang='lat' dir='ltr'><strong>liliam</strong></span> <span class='ocrx_word' id='word_1_39' title='bbox 598 993 681 1032; x_wconf 89' lang='lat' dir='ltr'><strong>suam</strong></span> <span class='ocrx_word' id='word_1_40' title='bbox 714 994 871 1033; x_wconf 80' lang='lat' dir='ltr'><strong>arcessere.</strong></span> <span class='ocrx_word' id='word_1_41' title='bbox 923 973 1112 1049; x_wconf 78' lang='lat' dir='ltr'><strong>Gymnasium</strong></span> <span class='ocrx_word' id='word_1_42' title='bbox 1136 975 1195 1030; x_wconf 82' lang='lat' dir='ltr'><strong>iam</strong></span> <span class='ocrx_word' id='word_1_43' title='bbox 1218 976 1386 1046; x_wconf 84' lang='lat' dir='ltr'><strong>antequem</strong></span> 
     </span>
     <span class='ocr_line' id='line_1_7' title="bbox 276 1073 1387 1147; baseline -0.006 -13"><span class='ocrx_word' id='word_1_44' title='bbox 276 1096 340 1134; x_wconf 86' lang='lat' dir='ltr'><strong>eam</strong></span> <span class='ocrx_word' id='word_1_45' title='bbox 371 1081 467 1133; x_wconf 84' lang='lat' dir='ltr'><strong>meter</strong></span> <span class='ocrx_word' id='word_1_46' title='bbox 494 1080 636 1147; x_wconf 84' lang='lat' dir='ltr'><strong>arceseet‚</strong></span> <span class='ocrx_word' id='word_1_47' title='bbox 672 1079 702 1134; x_wconf 93' lang='lat' dir='ltr'><strong>in</strong></span> <span class='ocrx_word' id='word_1_48' title='bbox 731 1079 828 1134; x_wconf 86' lang='lat' dir='ltr'><strong>animo</strong></span> <span class='ocrx_word' id='word_1_49' title='bbox 850 1077 989 1137; x_wconf 76' lang='lat' dir='ltr'><strong>habuisse</strong></span> <span class='ocrx_word' id='word_1_50' title='bbox 1012 1076 1160 1146; x_wconf 84' lang='lat' dir='ltr'><strong>videmus,</strong></span> <span class='ocrx_word' id='word_1_51' title='bbox 1195 1079 1229 1132; x_wconf 88' lang='lat' dir='ltr'><strong>ut</strong></span> <span class='ocrx_word' id='word_1_52' title='bbox 1262 1073 1298 1130; x_wconf 80' lang='lat' dir='ltr'><strong>ad</strong></span> <span class='ocrx_word' id='word_1_53' title='bbox 1330 1091 1387 1129; x_wconf 86' lang='lat' dir='ltr'><strong>eam</strong></span> 
     </span>
     <span class='ocr_line' id='line_1_8' title="bbox 277 1178 1386 1248; baseline -0.002 -12"><span class='ocrx_word' id='word_1_54' title='bbox 277 1199 308 1236; x_wconf 87' lang='lat' dir='ltr'><strong>se</strong></span> <span class='ocrx_word' id='word_1_55' title='bbox 331 1179 476 1248; x_wconf 86' lang='lat' dir='ltr'><strong>conferat,</strong></span> <span class='ocrx_word' id='word_1_56' title='bbox 511 1197 553 1248; x_wconf 81' lang='lat' dir='ltr'><strong>ec,</strong></span> <span class='ocrx_word' id='word_1_57' title='bbox 582 1179 639 1236; x_wconf 88' lang='lat' dir='ltr'><strong>nisi</strong></span> <span class='ocrx_word' id='word_1_58' title='bbox 663 1178 760 1247; x_wconf 77' lang='lat' dir='ltr'><strong>fallor,</strong></span> <span class='ocrx_word' id='word_1_59' title='bbox 790 1200 825 1238; x_wconf 87' lang='lat' dir='ltr'><strong>ca</strong></span> <span class='ocrx_word' id='word_1_60' title='bbox 854 1179 890 1236; x_wconf 90' lang='lat' dir='ltr'><strong>da</strong></span> <span class='ocrx_word' id='word_1_61' title='bbox 919 1199 1007 1239; x_wconf 86' lang='lat' dir='ltr'><strong>causa</strong></span> <span class='ocrx_word' id='word_1_62' title='bbox 1035 1199 1072 1236; x_wconf 89' lang='lat' dir='ltr'><strong>ex</strong></span> <span class='ocrx_word' id='word_1_63' title='bbox 1102 1179 1215 1236; x_wconf 68' lang='lat' dir='ltr'><strong>adibus</strong></span> <span class='ocrx_word' id='word_1_64' title='bbox 1244 1178 1324 1234; x_wconf 82' lang='lat' dir='ltr'><strong>exiit.</strong></span> <span class='ocrx_word' id='word_1_65' title='bbox 1351 1205 1386 1214; x_wconf 88' lang='lat'>-</span> 
     </span>
     <span class='ocr_line' id='line_1_9' title="bbox 278 1275 1388 1355; baseline -0.007 -15"><span class='ocrx_word' id='word_1_66' title='bbox 278 1285 348 1341; x_wconf 81' lang='lat'><strong>267.</strong></span> <span class='ocrx_word' id='word_1_67' title='bbox 373 1275 613 1340; x_wconf 66' lang='lat' dir='ltr'><strong>memorauit</strong></span> <span class='ocrx_word' id='word_1_68' title='bbox 634 1279 767 1339; x_wconf 86' lang='lat' dir='ltr'><strong>Studem.</strong></span> <span class='ocrx_word' id='word_1_69' title='bbox 792 1281 811 1341; x_wconf 97' lang='lat' dir='ltr'><strong>l.</strong></span> <span class='ocrx_word' id='word_1_70' title='bbox 835 1283 864 1355; x_wconf 89' lang='lat' dir='ltr'><strong>l.‚</strong></span> <span class='ocrx_word' id='word_1_71' title='bbox 894 1305 955 1342; x_wconf 88' lang='lat' dir='ltr'><strong>voc.</strong></span> <span class='ocrx_word' id='word_1_72' title='bbox 980 1301 1037 1342; x_wconf 90' lang='lat' dir='ltr'><strong>non</strong></span> <span class='ocrx_word' id='word_1_73' title='bbox 1061 1281 1132 1339; x_wconf 91' lang='lat' dir='ltr'><strong>alibi</strong></span> <span class='ocrx_word' id='word_1_74' title='bbox 1155 1281 1314 1351; x_wconf 86' lang='lat' dir='ltr'><strong>inventum,</strong></span> <span class='ocrx_word' id='word_1_75' title='bbox 1342 1277 1388 1334; x_wconf 86' lang='lat' dir='ltr'><strong>sed</strong></span> 
     </span>
     <span class='ocr_line' id='line_1_10' title="bbox 277 1379 1387 1462; baseline -0.005 -21"><span class='ocrx_word' id='word_1_76' title='bbox 277 1386 313 1442; x_wconf 86' lang='lat' dir='ltr'><strong>cl.</strong></span> <span class='ocrx_word' id='word_1_77' title='bbox 340 1381 523 1460; x_wconf 84' lang='lat' dir='ltr'><strong>„expoliuit“</strong></span> <span class='ocrx_word' id='word_1_78' title='bbox 552 1384 621 1442; x_wconf 80' lang='lat'><strong>269.</strong></span> <span class='ocrx_word' id='word_1_79' title='bbox 681 1379 820 1454; x_wconf 84' lang='lat' dir='ltr'><strong>„Talem“</strong></span> <span class='ocrx_word' id='word_1_80' title='bbox 851 1387 948 1462; x_wconf 89' lang='lat' dir='ltr'><strong>inquit</strong></span> <span class='ocrx_word' id='word_1_81' title='bbox 978 1384 1057 1457; x_wconf 81' lang='lat' dir='ltr'><strong>„lere</strong></span> <span class='ocrx_word' id='word_1_82' title='bbox 1080 1385 1255 1442; x_wconf 83' lang='lat' dir='ltr'><strong>sententiam</strong></span> <span class='ocrx_word' id='word_1_83' title='bbox 1278 1399 1387 1458; x_wconf 84' lang='lat' dir='ltr'><strong>expres·</strong></span> 
     </span>
     <span class='ocr_line' id='line_1_11' title="bbox 278 1485 1386 1562; baseline -0.005 -18"><span class='ocrx_word' id='word_1_84' title='bbox 278 1494 359 1546; x_wconf 86' lang='lat' dir='ltr'><strong>seret</strong></span> <span class='ocrx_word' id='word_1_85' title='bbox 375 1485 582 1562; x_wconf 85' lang='lat' dir='ltr'><strong>Gymnasium:</strong></span> <span class='ocrx_word' id='word_1_86' title='bbox 606 1485 647 1544; x_wconf 88' lang='lat' dir='ltr'><strong>Ut</strong></span> <span class='ocrx_word' id='word_1_87' title='bbox 669 1485 800 1562; x_wconf 89' lang='lat' dir='ltr'><strong>lepidum</strong></span> <span class='ocrx_word' id='word_1_88' title='bbox 825 1493 870 1545; x_wconf 84' lang='lat' dir='ltr'><strong>est</strong></span> <span class='ocrx_word' id='word_1_89' title='bbox 893 1509 981 1546; x_wconf 86' lang='lat' dir='ltr'><strong>unum</strong></span> <span class='ocrx_word' id='word_1_90' title='bbox 1005 1493 1165 1546; x_wconf 78' lang='lat' dir='ltr'><strong>amatorem</strong></span> <span class='ocrx_word' id='word_1_91' title='bbox 1185 1505 1284 1544; x_wconf 82' lang='lat' dir='ltr'><strong>amere</strong></span> <span class='ocrx_word' id='word_1_92' title='bbox 1299 1503 1386 1560; x_wconf 86' lang='lat' dir='ltr'><strong>posse,</strong></span> 
     </span>
     <span class='ocr_line' id='line_1_12' title="bbox 278 1579 1388 1668; baseline -0.005 -20"><span class='ocrx_word' id='word_1_93' title='bbox 278 1594 320 1650; x_wconf 88' lang='lat' dir='ltr'><strong>sic</strong></span> <span class='ocrx_word' id='word_1_94' title='bbox 349 1597 382 1648; x_wconf 89' lang='lat' dir='ltr'><strong>ut</strong></span> <span class='ocrx_word' id='word_1_95' title='bbox 409 1589 527 1649; x_wconf 86' lang='lat' dir='ltr'><strong>Selenio</strong></span> <span class='ocrx_word' id='word_1_96' title='bbox 555 1585 654 1647; x_wconf 90' lang='lat' dir='ltr'><strong>licet“.</strong></span> <span class='ocrx_word' id='word_1_97' title='bbox 717 1589 774 1648; x_wconf 88' lang='lat' dir='ltr'><strong>Sed</strong></span> <span class='ocrx_word' id='word_1_98' title='bbox 809 1593 838 1648; x_wconf 87' lang='lat' dir='ltr'><strong>in</strong></span> <span class='ocrx_word' id='word_1_99' title='bbox 872 1592 1019 1668; x_wconf 87' lang='lat' dir='ltr'><strong>principio</strong></span> <span class='ocrx_word' id='word_1_100' title='bbox 1048 1609 1149 1650; x_wconf 85' lang='lat' dir='ltr'><strong>versus</strong></span> <span class='ocrx_word' id='word_1_101' title='bbox 1179 1591 1240 1647; x_wconf 75' lang='lat'><strong>268</strong></span> <span class='ocrx_word' id='word_1_102' title='bbox 1274 1579 1315 1647; x_wconf 79' lang='lat' dir='ltr'><strong>Ul</strong></span> <span class='ocrx_word' id='word_1_103' title='bbox 1340 1579 1388 1662; x_wconf 77' lang='lat' dir='ltr'><strong>qui</strong></span> 
     </span>
     <span class='ocr_line' id='line_1_13' title="bbox 277 1692 1388 1768; baseline -0.005 -18"><span class='ocrx_word' id='word_1_104' title='bbox 277 1695 386 1752; x_wconf 88' lang='lat' dir='ltr'><strong>lectum</strong></span> <span class='ocrx_word' id='word_1_105' title='bbox 415 1699 476 1765; x_wconf 84' lang='lat' dir='ltr'><strong>est,</strong></span> <span class='ocrx_word' id='word_1_106' title='bbox 506 1699 539 1750; x_wconf 87' lang='lat' dir='ltr'><strong>ut</strong></span> <span class='ocrx_word' id='word_1_107' title='bbox 569 1692 632 1750; x_wconf 78' lang='lat' dir='ltr'><strong>haec</strong></span> <span class='ocrx_word' id='word_1_108' title='bbox 661 1693 761 1768; x_wconf 88' lang='lat' dir='ltr'><strong>potius</strong></span> <span class='ocrx_word' id='word_1_109' title='bbox 783 1696 936 1751; x_wconf 85' lang='lat' dir='ltr'><strong>sententia</strong></span> <span class='ocrx_word' id='word_1_110' title='bbox 963 1695 1067 1768; x_wconf 87' lang='lat' dir='ltr'><strong>fuerit,</strong></span> <span class='ocrx_word' id='word_1_111' title='bbox 1102 1711 1160 1750; x_wconf 91' lang='lat' dir='ltr'><strong>non</strong></span> <span class='ocrx_word' id='word_1_112' title='bbox 1195 1693 1299 1748; x_wconf 86' lang='lat' dir='ltr'><strong>mirum</strong></span> <span class='ocrx_word' id='word_1_113' title='bbox 1332 1708 1388 1746; x_wconf 87' lang='lat' dir='ltr'><strong>esse</strong></span> 
     </span>
     <span class='ocr_line' id='line_1_14' title="bbox 278 1793 1388 1872; baseline -0.005 -18"><span class='ocrx_word' id='word_1_114' title='bbox 278 1795 526 1855; x_wconf 80' lang='lat' dir='ltr'><strong>Alcesimarchum</strong></span> <span class='ocrx_word' id='word_1_115' title='bbox 556 1795 632 1854; x_wconf 84' lang='lat' dir='ltr'><strong>aedes</strong></span> <span class='ocrx_word' id='word_1_116' title='bbox 661 1799 720 1851; x_wconf 80' lang='lat' dir='ltr'><strong>tom</strong></span> <span class='ocrx_word' id='word_1_117' title='bbox 750 1794 846 1872; x_wconf 87' lang='lat' dir='ltr'><strong>lepide</strong></span> <span class='ocrx_word' id='word_1_118' title='bbox 870 1815 1005 1866; x_wconf 81' lang='lat' dir='ltr'><strong>ornasse,</strong></span> <span class='ocrx_word' id='word_1_119' title='bbox 1037 1796 1147 1871; x_wconf 86' lang='lat' dir='ltr'><strong>quippe</strong></span> <span class='ocrx_word' id='word_1_120' title='bbox 1176 1795 1226 1870; x_wconf 89' lang='lat' dir='ltr'><strong>qni</strong></span> <span class='ocrx_word' id='word_1_121' title='bbox 1250 1793 1388 1851; x_wconf 86' lang='lat' dir='ltr'><strong>Selenium</strong></span> 
     </span>
    </p>
   </div>
   <div class='ocr_carea' id='block_1_3' title="bbox 174 1885 1386 1976">
    <p class='ocr_par' dir='ltr' id='par_1_3' title="bbox 174 1885 1386 1976">
     <span class='ocr_line' id='line_1_15' title="bbox 174 1885 1386 1976; baseline -0.006 -19"><span class='ocrx_word' id='word_1_122' title='bbox 174 1931 176 1944; x_wconf 66' lang='grc' dir='ltr'>ι</span> <span class='ocrx_word' id='word_1_123' title='bbox 278 1905 422 1976; x_wconf 86' lang='lat' dir='ltr'><strong>perpetuo</strong></span> <span class='ocrx_word' id='word_1_124' title='bbox 446 1917 528 1958; x_wconf 88' lang='lat' dir='ltr'><strong>suam</strong></span> <span class='ocrx_word' id='word_1_125' title='bbox 551 1899 614 1957; x_wconf 86' lang='lat' dir='ltr'><strong>fore</strong></span> <span class='ocrx_word' id='word_1_126' title='bbox 637 1885 822 1973; x_wconf 81' lang='lat' dir='ltr'><strong>cogitaverit.</strong></span> <span class='ocrx_word' id='word_1_127' title='bbox 874 1900 978 1976; x_wconf 86' lang='lat' dir='ltr'><strong>Itaque</strong></span> <span class='ocrx_word' id='word_1_128' title='bbox 1006 1899 1066 1956; x_wconf 88' lang='lat' dir='ltr'><strong>tale</strong></span> <span class='ocrx_word' id='word_1_129' title='bbox 1088 1898 1161 1974; x_wconf 85' lang='lat' dir='ltr'><strong>quid</strong></span> <span class='ocrx_word' id='word_1_130' title='bbox 1184 1897 1386 1974; x_wconf 85' lang='lat' dir='ltr'><strong>suppleverim:</strong></span> 
     </span>
    </p>
   </div>
   <div class='ocr_carea' id='block_1_4' title="bbox 277 1998 1389 2491">
    <p class='ocr_par' dir='ltr' id='par_1_4' title="bbox 277 1998 1389 2491">
     <span class='ocr_line' id='line_1_16' title="bbox 282 1998 1387 2078; baseline -0.008 -16"><span class='ocrx_word' id='word_1_131' title='bbox 282 2001 340 2074; x_wconf 87' lang='lat' dir='ltr'><strong>„Ut</strong></span> <span class='ocrx_word' id='word_1_132' title='bbox 374 2002 425 2078; x_wconf 92' lang='lat' dir='ltr'><strong>qui</strong></span> <span class='ocrx_word' id='word_1_133' title='bbox 459 2001 582 2058; x_wconf 87' lang='lat' dir='ltr'><strong>amicam</strong></span> <span class='ocrx_word' id='word_1_134' title='bbox 617 1998 802 2078; x_wconf 88' lang='lat' dir='ltr'><strong>sperauerit“</strong></span> <span class='ocrx_word' id='word_1_135' title='bbox 845 2002 890 2060; x_wconf 82' lang='lat' dir='ltr'><strong>vel</strong></span> <span class='ocrx_word' id='word_1_136' title='bbox 932 2001 991 2074; x_wconf 87' lang='lat' dir='ltr'><strong>„Ut</strong></span> <span class='ocrx_word' id='word_1_137' title='bbox 1024 2003 1075 2078; x_wconf 88' lang='lat' dir='ltr'><strong>qui</strong></span> <span class='ocrx_word' id='word_1_138' title='bbox 1108 2007 1210 2058; x_wconf 87' lang='lat' dir='ltr'><strong>sancte</strong></span> <span class='ocrx_word' id='word_1_139' title='bbox 1244 1998 1387 2066; x_wconf 86' lang='lat' dir='ltr'><strong>iurauerit,</strong></span> 
     </span>
     <span class='ocr_line' id='line_1_17' title="bbox 278 2100 1387 2181; baseline -0.004 -21"><span class='ocrx_word' id='word_1_140' title='bbox 278 2103 401 2163; x_wconf 83' lang='lat' dir='ltr'><strong>eandem</strong></span> <span class='ocrx_word' id='word_1_141' title='bbox 430 2125 461 2164; x_wconf 91' lang='lat' dir='ltr'><strong>se</strong></span> <span class='ocrx_word' id='word_1_142' title='bbox 490 2124 590 2162; x_wconf 85' lang='lat' dir='ltr'><strong>amere</strong></span> <span class='ocrx_word' id='word_1_143' title='bbox 612 2100 758 2181; x_wconf 85' lang='lat' dir='ltr'><strong>semper“.</strong></span> <span class='ocrx_word' id='word_1_144' title='bbox 819 2102 1008 2176; x_wconf 84' lang='lat' dir='ltr'><strong>„desiderer“</strong></span> <span class='ocrx_word' id='word_1_145' title='bbox 1034 2104 1131 2162; x_wconf 81' lang='lat' dir='ltr'><strong>Maius</strong></span> <span class='ocrx_word' id='word_1_146' title='bbox 1160 2103 1241 2178; x_wconf 87' lang='lat' dir='ltr'><strong>legit,</strong></span> <span class='ocrx_word' id='word_1_147' title='bbox 1266 2101 1387 2161; x_wconf 84' lang='lat' dir='ltr'><strong>Studem.</strong></span> 
     </span>
     <span class='ocr_line' id='line_1_18' title="bbox 277 2203 1389 2282; baseline -0.005 -16"><span class='ocrx_word' id='word_1_148' title='bbox 277 2207 366 2280; x_wconf 78' lang='lat' dir='ltr'><strong>nihil3</strong></span> <span class='ocrx_word' id='word_1_149' title='bbox 392 2227 459 2266; x_wconf 87' lang='lat' dir='ltr'><strong>mox</strong></span> <span class='ocrx_word' id='word_1_150' title='bbox 479 2203 598 2279; x_wconf 86' lang='lat' dir='ltr'><strong>„duris“</strong></span> <span class='ocrx_word' id='word_1_151' title='bbox 619 2206 725 2277; x_wconf 86' lang='lat' dir='ltr'><strong>Maius,</strong></span> <span class='ocrx_word' id='word_1_152' title='bbox 753 2203 865 2278; x_wconf 83' lang='lat' dir='ltr'><strong>„duus“</strong></span> <span class='ocrx_word' id='word_1_153' title='bbox 881 2205 964 2266; x_wconf 85' lang='lat' dir='ltr'><strong>Stud.</strong></span> <span class='ocrx_word' id='word_1_154' title='bbox 984 2237 1020 2247; x_wconf 94' lang='lat'><em>-</em></span> <span class='ocrx_word' id='word_1_155' title='bbox 1042 2209 1101 2265; x_wconf 78' lang='lat'><strong>269</strong></span> <span class='ocrx_word' id='word_1_156' title='bbox 1127 2209 1246 2282; x_wconf 88' lang='lat' dir='ltr'><strong>egregie</strong></span> <span class='ocrx_word' id='word_1_157' title='bbox 1269 2205 1389 2264; x_wconf 77' lang='lat' dir='ltr'><strong>restituit</strong></span> 
     </span>
     <span class='ocr_line' id='line_1_19' title="bbox 279 2302 1388 2386; baseline -0.006 -16"><span class='ocrx_word' id='word_1_158' title='bbox 279 2311 362 2370; x_wconf 85' lang='lat' dir='ltr'><strong>Slud.</strong></span> <span class='ocrx_word' id='word_1_159' title='bbox 395 2341 430 2350; x_wconf 94' lang='lat'>-</span> <span class='ocrx_word' id='word_1_160' title='bbox 464 2312 534 2370; x_wconf 76' lang='lat'><strong>273.</strong></span> <span class='ocrx_word' id='word_1_161' title='bbox 559 2302 612 2370; x_wconf 79' lang='lat' dir='ltr'><strong>Ita</strong></span> <span class='ocrx_word' id='word_1_162' title='bbox 627 2303 686 2384; x_wconf 78' lang='lat' dir='ltr'><strong>pol</strong></span> <span class='ocrx_word' id='word_1_163' title='bbox 707 2323 800 2382; x_wconf 80' lang='lat' dir='ltr'><strong>quom</strong></span> <span class='ocrx_word' id='word_1_164' title='bbox 828 2308 863 2366; x_wconf 87' lang='lat' dir='ltr'><strong>dc</strong></span> <span class='ocrx_word' id='word_1_165' title='bbox 893 2312 1063 2369; x_wconf 86' lang='lat' dir='ltr'><strong>coniectura</strong></span> <span class='ocrx_word' id='word_1_166' title='bbox 1090 2311 1204 2386; x_wconf 77' lang='lat' dir='ltr'><strong>scripsi,</strong></span> <span class='ocrx_word' id='word_1_167' title='bbox 1230 2329 1295 2366; x_wconf 83' lang='lat' dir='ltr'><strong>nem</strong></span> <span class='ocrx_word' id='word_1_168' title='bbox 1317 2306 1388 2383; x_wconf 89' lang='lat' dir='ltr'><strong>quod</strong></span> 
     </span>
     <span class='ocr_line' id='line_1_20' title="bbox 277 2405 1387 2491; baseline -0.005 -20"><span class='ocrx_word' id='word_1_169' title='bbox 277 2411 409 2472; x_wconf 83' lang='lat' dir='ltr'><strong>Studem.</strong></span> <span class='ocrx_word' id='word_1_170' title='bbox 433 2414 507 2490; x_wconf 89' lang='lat' dir='ltr'><strong>legit</strong></span> <span class='ocrx_word' id='word_1_171' title='bbox 531 2411 591 2485; x_wconf 88' lang='lat' dir='ltr'><strong>„Ut</strong></span> <span class='ocrx_word' id='word_1_172' title='bbox 612 2407 790 2488; x_wconf 82' lang='lat' dir='ltr'><strong>postqucm“</strong></span> <span class='ocrx_word' id='word_1_173' title='bbox 817 2413 886 2469; x_wconf 89' lang='lat' dir='ltr'><strong>ferri</strong></span> <span class='ocrx_word' id='word_1_174' title='bbox 910 2432 968 2469; x_wconf 93' lang='lat' dir='ltr'><strong>non</strong></span> <span class='ocrx_word' id='word_1_175' title='bbox 992 2417 1100 2491; x_wconf 87' lang='lat' dir='ltr'><strong>potest.</strong></span> <span class='ocrx_word' id='word_1_176' title='bbox 1119 2440 1160 2451; x_wconf 90' lang='lat'>-</span> <span class='ocrx_word' id='word_1_177' title='bbox 1184 2407 1221 2470; x_wconf 78' lang='lat' dir='ltr'><strong>de</strong></span> <span class='ocrx_word' id='word_1_178' title='bbox 1243 2405 1387 2487; x_wconf 74' lang='lat' dir='ltr'><strong>opinione,</strong></span> 
     </span>
    </p>
   </div>
   <div class='ocr_carea' id='block_1_5' title="bbox 277 2509 1472 2588">
    <p class='ocr_par' dir='ltr' id='par_1_5' title="bbox 277 2509 1472 2588">
     <span class='ocr_line' id='line_1_21' title="bbox 277 2509 1472 2588; baseline -0.001 -16"><span class='ocrx_word' id='word_1_179' title='bbox 277 2515 312 2572; x_wconf 86' lang='lat' dir='ltr'><strong>cf.</strong></span> <span class='ocrx_word' id='word_1_180' title='bbox 336 2515 413 2573; x_wconf 89' lang='lat' dir='ltr'><strong>Rud.</strong></span> <span class='ocrx_word' id='word_1_181' title='bbox 441 2517 530 2574; x_wconf 82' lang='lat'><strong>1079.</strong></span> <span class='ocrx_word' id='word_1_182' title='bbox 554 2545 595 2554; x_wconf 93' lang='lat'><em>-</em></span> <span class='ocrx_word' id='word_1_183' title='bbox 619 2517 690 2574; x_wconf 77' lang='lat'><strong>275.</strong></span> <span class='ocrx_word' id='word_1_184' title='bbox 714 2509 793 2588; x_wconf 82' lang='lat' dir='ltr'><strong>Hoc,</strong></span> <span class='ocrx_word' id='word_1_185' title='bbox 817 2534 843 2573; x_wconf 85' lang='lat' dir='ltr'><strong>v.</strong></span> <span class='ocrx_word' id='word_1_186' title='bbox 869 2517 906 2574; x_wconf 89' lang='lat' dir='ltr'><strong>ad</strong></span> <span class='ocrx_word' id='word_1_187' title='bbox 930 2515 1035 2573; x_wconf 88' lang='lat' dir='ltr'><strong>Pseud.</strong></span> <span class='ocrx_word' id='word_1_188' title='bbox 1060 2516 1131 2574; x_wconf 86' lang='grc'>646.</span> <span class='ocrx_word' id='word_1_189' title='bbox 1167 2515 1248 2572; x_wconf 90' lang='lat' dir='ltr'><strong>Pers.</strong></span> <span class='ocrx_word' id='word_1_190' title='bbox 1269 2515 1388 2572; x_wconf 68' lang='lat' dir='ltr'><strong>&#39;tlt-</strong></span> <span class='ocrx_word' id='word_1_191' title='bbox 1471 2585 1472 2588; x_wconf 7' lang='grc' dir='ltr'><strong>Ἰ</strong></span> 
     </span>
    </p>
   </div>
   <div class='ocr_carea' id='block_1_6' title="bbox 276 2611 1472 3310">
    <p class='ocr_par' dir='ltr' id='par_1_6' title="bbox 276 2611 1472 2988">
     <span class='ocr_line' id='line_1_22' title="bbox 277 2611 1472 2704; baseline -0.005 -26"><span class='ocrx_word' id='word_1_192' title='bbox 277 2621 349 2678; x_wconf 77' lang='lat'><strong>276.</strong></span> <span class='ocrx_word' id='word_1_193' title='bbox 372 2611 542 2692; x_wconf 72' lang='lat' dir='ltr'><strong>inlecebra,</strong></span> <span class='ocrx_word' id='word_1_194' title='bbox 574 2637 600 2675; x_wconf 84' lang='lat' dir='ltr'><strong>v.</strong></span> <span class='ocrx_word' id='word_1_195' title='bbox 626 2617 661 2674; x_wconf 81' lang='lat' dir='ltr'><strong>ad</strong></span> <span class='ocrx_word' id='word_1_196' title='bbox 686 2617 805 2676; x_wconf 88' lang='lat' dir='ltr'><strong>Trucnl.</strong></span> <span class='ocrx_word' id='word_1_197' title='bbox 833 2620 901 2676; x_wconf 79' lang='lat'><strong>182.</strong></span> <span class='ocrx_word' id='word_1_198' title='bbox 934 2649 974 2658; x_wconf 88' lang='lat'><strong>-·-</strong></span> <span class='ocrx_word' id='word_1_199' title='bbox 1009 2619 1149 2694; x_wconf 84' lang='lat' dir='ltr'><strong>Reliqua,</strong></span> <span class='ocrx_word' id='word_1_200' title='bbox 1179 2637 1245 2693; x_wconf 79' lang='lat' dir='ltr'><strong>quae</strong></span> <span class='ocrx_word' id='word_1_201' title='bbox 1268 2637 1302 2674; x_wconf 80' lang='lat' dir='ltr'><strong>ex</strong></span> <span class='ocrx_word' id='word_1_202' title='bbox 1324 2616 1387 2672; x_wconf 81' lang='lat' dir='ltr'><strong>llaii</strong></span> <span class='ocrx_word' id='word_1_203' title='bbox 1471 2655 1472 2704; x_wconf 35' lang='lat' dir='ltr'><strong>p</strong></span> 
     </span>
     <span class='ocr_line' id='line_1_23' title="bbox 277 2719 1472 2799; baseline -0.006 -19"><span class='ocrx_word' id='word_1_204' title='bbox 277 2721 448 2799; x_wconf 83' lang='lat' dir='ltr'><strong>apographo</strong></span> <span class='ocrx_word' id='word_1_205' title='bbox 476 2722 539 2780; x_wconf 92' lang='lat' dir='ltr'><strong>solo</strong></span> <span class='ocrx_word' id='word_1_206' title='bbox 569 2727 638 2778; x_wconf 85' lang='lat' dir='ltr'><strong>nota</strong></span> <span class='ocrx_word' id='word_1_207' title='bbox 666 2727 749 2793; x_wconf 87' lang='lat' dir='ltr'><strong>sunt,</strong></span> <span class='ocrx_word' id='word_1_208' title='bbox 786 2722 912 2798; x_wconf 82' lang='lat' dir='ltr'><strong>intelligi</strong></span> <span class='ocrx_word' id='word_1_209' title='bbox 941 2742 1000 2779; x_wconf 91' lang='lat' dir='ltr'><strong>non</strong></span> <span class='ocrx_word' id='word_1_210' title='bbox 1030 2725 1165 2798; x_wconf 88' lang='lat' dir='ltr'><strong>possunt.</strong></span> <span class='ocrx_word' id='word_1_211' title='bbox 1222 2719 1387 2778; x_wconf 83' lang='lat' dir='ltr'><strong>Addidimus</strong></span> <span class='ocrx_word' id='word_1_212' title='bbox 1471 2749 1472 2760; x_wconf 46' lang='lat'>³</span> 
     </span>
     <span class='ocr_line' id='line_1_24' title="bbox 277 2822 1385 2901; baseline -0.005 -19"><span class='ocrx_word' id='word_1_213' title='bbox 277 2846 311 2882; x_wconf 86' lang='lat' dir='ltr'><strong>ea</strong></span> <span class='ocrx_word' id='word_1_214' title='bbox 344 2825 524 2900; x_wconf 83' lang='lat' dir='ltr'><strong>fragmenta,</strong></span> <span class='ocrx_word' id='word_1_215' title='bbox 564 2845 628 2901; x_wconf 81' lang='lat' dir='ltr'><strong>quae</strong></span> <span class='ocrx_word' id='word_1_216' title='bbox 662 2825 786 2883; x_wconf 89' lang='lat' dir='ltr'><strong>eundem</strong></span> <span class='ocrx_word' id='word_1_217' title='bbox 821 2844 952 2896; x_wconf 80' lang='lat' dir='ltr'><strong>versum,</strong></span> <span class='ocrx_word' id='word_1_218' title='bbox 992 2825 1190 2901; x_wconf 84' lang='lat' dir='ltr'><strong>septenarium</strong></span> <span class='ocrx_word' id='word_1_219' title='bbox 1232 2822 1385 2891; x_wconf 75' lang='lat' dir='ltr'><strong>iambicum,</strong></span> 
     </span>
     <span class='ocr_line' id='line_1_25' title="bbox 276 2928 445 2988; baseline -0.018 -1"><span class='ocrx_word' id='word_1_220' title='bbox 276 2928 445 2988; x_wconf 88' lang='lat' dir='ltr'><strong>ostendunt.</strong></span> 
     </span>
    </p>

    <p class='ocr_par' dir='ltr' id='par_1_7' title="bbox 276 3013 1387 3310">
     <span class='ocr_line' id='line_1_26' title="bbox 363 3013 1387 3106; baseline -0.011 -16"><span class='ocrx_word' id='word_1_221' title='bbox 363 3013 487 3090; x_wconf 83' lang='lat'>301-&#39;-2</span> <span class='ocrx_word' id='word_1_222' title='bbox 523 3029 673 3106; x_wconf 79' lang='lat' dir='ltr'><strong>Gymnesii</strong></span> <span class='ocrx_word' id='word_1_223' title='bbox 708 3031 800 3089; x_wconf 85' lang='lat' dir='ltr'><strong>verba</strong></span> <span class='ocrx_word' id='word_1_224' title='bbox 829 3029 865 3088; x_wconf 80' lang='lat' dir='ltr'><strong>ed</strong></span> <span class='ocrx_word' id='word_1_225' title='bbox 896 3050 995 3089; x_wconf 88' lang='lat' dir='ltr'><strong>senem</strong></span> <span class='ocrx_word' id='word_1_226' title='bbox 1025 3049 1088 3086; x_wconf 88' lang='lat' dir='ltr'><strong>esse</strong></span> <span class='ocrx_word' id='word_1_227' title='bbox 1117 3035 1252 3105; x_wconf 88' lang='lat' dir='ltr'><strong>possunt.</strong></span> <span class='ocrx_word' id='word_1_228' title='bbox 1307 3025 1387 3085; x_wconf 85' lang='lat' dir='ltr'><strong>hlatri</strong></span> 
     </span>
     <span class='ocr_line' id='line_1_27' title="bbox 276 3127 1384 3208; baseline -0.009 -14"><span class='ocrx_word' id='word_1_229' title='bbox 276 3157 365 3196; x_wconf 82' lang='lat' dir='ltr'><strong>cause</strong></span> <span class='ocrx_word' id='word_1_230' title='bbox 386 3129 475 3208; x_wconf 82' lang='lat' dir='ltr'><strong>„uos¹‘</strong></span> <span class='ocrx_word' id='word_1_231' title='bbox 497 3131 653 3190; x_wconf 88' lang='lat' dir='ltr'><strong>delendum</strong></span> <span class='ocrx_word' id='word_1_232' title='bbox 671 3133 799 3192; x_wconf 87' lang='lat' dir='ltr'><strong>ridetur.</strong></span> <span class='ocrx_word' id='word_1_233' title='bbox 845 3133 919 3191; x_wconf 88' lang='lat' dir='ltr'><strong>Tum</strong></span> <span class='ocrx_word' id='word_1_234' title='bbox 936 3127 1056 3192; x_wconf 72' lang='lat' dir='ltr'><strong>sociem</strong></span> <span class='ocrx_word' id='word_1_235' title='bbox 1073 3132 1270 3204; x_wconf 82' lang='lat' dir='ltr'><strong>scribendum,</strong></span> <span class='ocrx_word' id='word_1_236' title='bbox 1294 3147 1384 3208; x_wconf 87' lang='lat' dir='ltr'><strong>quarn·</strong></span> 
     </span>
     <span class='ocr_line' id='line_1_28' title="bbox 276 3235 1384 3310; baseline -0.009 -14"><span class='ocrx_word' id='word_1_237' title='bbox 276 3240 320 3297; x_wconf 87' lang='lat' dir='ltr'><strong>vis</strong></span> <span class='ocrx_word' id='word_1_238' title='bbox 355 3237 523 3296; x_wconf 87' lang='lat' dir='ltr'><strong>Priscianus</strong></span> <span class='ocrx_word' id='word_1_239' title='bbox 557 3237 651 3295; x_wconf 84' lang='lat' dir='ltr'><strong>eltsro</strong></span> <span class='ocrx_word' id='word_1_240' title='bbox 685 3237 751 3294; x_wconf 89' lang='lat' dir='ltr'><strong>loco</strong></span> <span class='ocrx_word' id='word_1_241' title='bbox 786 3237 877 3293; x_wconf 90' lang='lat' dir='ltr'><strong>stiam</strong></span> <span class='ocrx_word' id='word_1_242' title='bbox 910 3237 1078 3310; x_wconf 85' lang='lat' dir='ltr'><strong>genetivum</strong></span> <span class='ocrx_word' id='word_1_243' title='bbox 1119 3236 1226 3294; x_wconf 90' lang='lat' dir='ltr'><strong>senicis</strong></span> <span class='ocrx_word' id='word_1_244' title='bbox 1259 3235 1384 3292; x_wconf 87' lang='lat' dir='ltr'><strong>Plautum</strong></span> 
     </span>
    </p>
   </div>
   <div class='ocr_carea' id='block_1_7' title="bbox 275 3338 1384 4239">
    <p class='ocr_par' dir='ltr' id='par_1_8' title="bbox 275 3338 546 3419">
     <span class='ocr_line' id='line_1_29' title="bbox 275 3338 546 3419; baseline -0.026 -19"><span class='ocrx_word' id='word_1_245' title='bbox 275 3342 436 3419; x_wconf 86' lang='lat' dir='ltr'><strong>protulisse</strong></span> <span class='ocrx_word' id='word_1_246' title='bbox 459 3338 546 3397; x_wconf 83' lang='lat' dir='ltr'><strong>dicet.</strong></span> 
     </span>
    </p>

    <p class='ocr_par' dir='ltr' id='par_1_9' title="bbox 275 3440 1384 3828">
     <span class='ocr_line' id='line_1_30' title="bbox 363 3440 1384 3517; baseline -0.011 -14"><span class='ocrx_word' id='word_1_247' title='bbox 363 3446 422 3503; x_wconf 84' lang='lat'><strong>303</strong></span> <span class='ocrx_word' id='word_1_248' title='bbox 457 3440 584 3500; x_wconf 82' lang='lat' dir='ltr'><strong>fortasse</strong></span> <span class='ocrx_word' id='word_1_249' title='bbox 618 3440 748 3500; x_wconf 85' lang='lat' dir='ltr'><strong>eiusdem</strong></span> <span class='ocrx_word' id='word_1_250' title='bbox 782 3441 933 3517; x_wconf 85' lang='lat' dir='ltr'><strong>Gymnasii</strong></span> <span class='ocrx_word' id='word_1_251' title='bbox 968 3443 1057 3500; x_wconf 81' lang='lat' dir='ltr'><strong>verba</strong></span> <span class='ocrx_word' id='word_1_252' title='bbox 1090 3446 1168 3500; x_wconf 84' lang='lat' dir='ltr'><strong>sunt.</strong></span> <span class='ocrx_word' id='word_1_253' title='bbox 1229 3441 1384 3498; x_wconf 75' lang='lat' dir='ltr'><strong>Priscianus</strong></span> 
     </span>
     <span class='ocr_line' id='line_1_31' title="bbox 277 3539 1383 3623; baseline -0.009 -17"><span class='ocrx_word' id='word_1_254' title='bbox 277 3548 364 3606; x_wconf 83' lang='lat' dir='ltr'><strong>allert</strong></span> <span class='ocrx_word' id='word_1_255' title='bbox 396 3551 521 3623; x_wconf 87' lang='lat' dir='ltr'><strong>propter</strong></span> <span class='ocrx_word' id='word_1_256' title='bbox 554 3544 732 3602; x_wconf 84' lang='lat' dir='ltr'><strong>deminutiri</strong></span> <span class='ocrx_word' id='word_1_257' title='bbox 759 3544 883 3604; x_wconf 87' lang='lat' dir='ltr'><strong>formam</strong></span> <span class='ocrx_word' id='word_1_258' title='bbox 911 3539 1030 3617; x_wconf 77' lang='lat' dir='ltr'><strong>recula,</strong></span> <span class='ocrx_word' id='word_1_259' title='bbox 1065 3565 1152 3622; x_wconf 90' lang='lat' dir='ltr'><strong>quam</strong></span> <span class='ocrx_word' id='word_1_260' title='bbox 1183 3565 1278 3623; x_wconf 89' lang='lat' dir='ltr'><strong>nuper</strong></span> <span class='ocrx_word' id='word_1_261' title='bbox 1307 3544 1383 3600; x_wconf 85' lang='lat' dir='ltr'><strong>etiam</strong></span> 
     </span>
     <span class='ocr_line' id='line_1_32' title="bbox 276 3648 1383 3726; baseline -0.01 -16"><span class='ocrx_word' id='word_1_262' title='bbox 276 3651 410 3711; x_wconf 84' lang='lat' dir='ltr'><strong>Ciceroni</strong></span> <span class='ocrx_word' id='word_1_263' title='bbox 433 3668 462 3726; x_wconf 94' lang='lat' dir='ltr'><strong>p.</strong></span> <span class='ocrx_word' id='word_1_264' title='bbox 488 3648 563 3706; x_wconf 86' lang='lat' dir='ltr'><strong>Sest.</strong></span> <span class='ocrx_word' id='word_1_265' title='bbox 590 3649 639 3721; x_wconf 87' lang='lat'><strong>51,</strong></span> <span class='ocrx_word' id='word_1_266' title='bbox 666 3649 724 3706; x_wconf 89' lang='lat'><strong>110</strong></span> <span class='ocrx_word' id='word_1_267' title='bbox 748 3649 882 3706; x_wconf 85' lang='lat' dir='ltr'><strong>restituit</strong></span> <span class='ocrx_word' id='word_1_268' title='bbox 905 3648 1095 3707; x_wconf 85' lang='lat' dir='ltr'><strong>Latendorf.:</strong></span> <span class='ocrx_word' id='word_1_269' title='bbox 1133 3667 1215 3722; x_wconf 88' lang='lat' dir='ltr'><strong>„ram</strong></span> <span class='ocrx_word' id='word_1_270' title='bbox 1243 3654 1383 3724; x_wconf 81' lang='lat' dir='ltr'><strong>paternam</strong></span> 
     </span>
     <span class='ocr_line' id='line_1_33' title="bbox 275 3747 1301 3828; baseline -0.004 -16"><span class='ocrx_word' id='word_1_271' title='bbox 275 3753 312 3812; x_wconf 84' lang='lat' dir='ltr'><strong>ab</strong></span> <span class='ocrx_word' id='word_1_272' title='bbox 335 3753 495 3811; x_wconf 86' lang='lat' dir='ltr'><strong>idiotarum</strong></span> <span class='ocrx_word' id='word_1_273' title='bbox 518 3750 630 3808; x_wconf 85' lang='lat' dir='ltr'><strong>divitiis</strong></span> <span class='ocrx_word' id='word_1_274' title='bbox 654 3750 690 3807; x_wconf 83' lang='lat' dir='ltr'><strong>ed</strong></span> <span class='ocrx_word' id='word_1_275' title='bbox 714 3750 958 3827; x_wconf 88' lang='lat' dir='ltr'><strong>philosophorum</strong></span> <span class='ocrx_word' id='word_1_276' title='bbox 982 3751 1109 3810; x_wconf 87' lang='lat' dir='ltr'><strong>reculam</strong></span> <span class='ocrx_word' id='word_1_277' title='bbox 1132 3747 1301 3828; x_wconf 75' lang='lat' dir='ltr'><strong>perduxit.“</strong></span> 
     </span>
    </p>

    <p class='ocr_par' dir='ltr' id='par_1_10' title="bbox 275 3846 1382 4239">
     <span class='ocr_line' id='line_1_34' title="bbox 362 3846 1382 3933; baseline -0.008 -19"><span class='ocrx_word' id='word_1_278' title='bbox 362 3857 433 3914; x_wconf 82' lang='lat'><strong>304.</strong></span> <span class='ocrx_word' id='word_1_279' title='bbox 465 3853 578 3912; x_wconf 85' lang='lat' dir='ltr'><strong>Nonius</strong></span> <span class='ocrx_word' id='word_1_280' title='bbox 601 3873 630 3930; x_wconf 92' lang='lat' dir='ltr'><strong>p.</strong></span> <span class='ocrx_word' id='word_1_281' title='bbox 645 3855 701 3910; x_wconf 76' lang='lat'><strong>72:</strong></span> <span class='ocrx_word' id='word_1_282' title='bbox 730 3846 849 3926; x_wconf 48' lang='lat' dir='ltr'><strong>„Attila</strong></span> <span class='ocrx_word' id='word_1_283' title='bbox 874 3874 932 3912; x_wconf 91' lang='lat' dir='ltr'><strong>non</strong></span> <span class='ocrx_word' id='word_1_284' title='bbox 954 3855 1049 3913; x_wconf 90' lang='lat' dir='ltr'><strong>solum</strong></span> <span class='ocrx_word' id='word_1_285' title='bbox 1071 3855 1190 3933; x_wconf 78' lang='lat' dir='ltr'><strong>pingue,</strong></span> <span class='ocrx_word' id='word_1_286' title='bbox 1221 3854 1257 3911; x_wconf 85' lang='lat' dir='ltr'><strong>ab</strong></span> <span class='ocrx_word' id='word_1_287' title='bbox 1280 3849 1382 3918; x_wconf 83' lang='lat' dir='ltr'><strong>alendo,</strong></span> 
     </span>
     <span class='ocr_line' id='line_1_35' title="bbox 275 3945 1380 4034; baseline -0.006 -17"><span class='ocrx_word' id='word_1_288' title='bbox 275 3979 377 4018; x_wconf 88' lang='lat' dir='ltr'><strong>uerum</strong></span> <span class='ocrx_word' id='word_1_289' title='bbox 407 3959 498 4015; x_wconf 85' lang='lat' dir='ltr'><strong>etiem</strong></span> <span class='ocrx_word' id='word_1_290' title='bbox 527 3956 709 4034; x_wconf 85' lang='lat' dir='ltr'><strong>opulentum.</strong></span> <span class='ocrx_word' id='word_1_291' title='bbox 762 3957 886 4014; x_wconf 86' lang='lat' dir='ltr'><strong>Plautus</strong></span> <span class='ocrx_word' id='word_1_292' title='bbox 915 3957 1096 4016; x_wconf 83' lang='lat' dir='ltr'><strong>Cistellaria:</strong></span> <span class='ocrx_word' id='word_1_293' title='bbox 1131 3957 1276 4015; x_wconf 88' lang='lat' dir='ltr'><strong>Prohibet</strong></span> <span class='ocrx_word' id='word_1_294' title='bbox 1302 3945 1380 4014; x_wconf 55' lang='lat' dir='ltr'><strong>oslif</strong></span> 
     </span>
     <span class='ocr_line' id='line_1_36' title="bbox 275 4057 1382 4139; baseline -0.007 -20"><span class='ocrx_word' id='word_1_295' title='bbox 275 4062 400 4120; x_wconf 87' lang='lat' dir='ltr'><strong>Narrari</strong></span> <span class='ocrx_word' id='word_1_296' title='bbox 423 4060 557 4134; x_wconf 83' lang='lat' dir='ltr'><strong>videtur,</strong></span> <span class='ocrx_word' id='word_1_297' title='bbox 589 4060 839 4118; x_wconf 84' lang='lat' dir='ltr'><strong>Alcesimarchum</strong></span> <span class='ocrx_word' id='word_1_298' title='bbox 863 4063 977 4134; x_wconf 81' lang='lat' dir='ltr'><strong>magnis</strong></span> <span class='ocrx_word' id='word_1_299' title='bbox 1007 4061 1119 4119; x_wconf 89' lang='lat' dir='ltr'><strong>divitiis</strong></span> <span class='ocrx_word' id='word_1_300' title='bbox 1147 4067 1176 4118; x_wconf 88' lang='lat' dir='ltr'><strong>et</strong></span> <span class='ocrx_word' id='word_1_301' title='bbox 1199 4060 1302 4139; x_wconf 88' lang='lat' dir='ltr'><strong>grandi</strong></span> <span class='ocrx_word' id='word_1_302' title='bbox 1324 4057 1382 4115; x_wconf 85' lang='lat' dir='ltr'><strong>dcte</strong></span> 
     </span>
     <span class='ocr_line' id='line_1_37' title="bbox 275 4164 664 4239; baseline -0.013 -15"><span class='ocrx_word' id='word_1_303' title='bbox 275 4166 341 4239; x_wconf 86' lang='lat' dir='ltr'><strong>cogi</strong></span> <span class='ocrx_word' id='word_1_304' title='bbox 365 4169 399 4222; x_wconf 89' lang='lat' dir='ltr'><strong>ut</strong></span> <span class='ocrx_word' id='word_1_305' title='bbox 422 4181 543 4222; x_wconf 88' lang='lat' dir='ltr'><strong>uxorem</strong></span> <span class='ocrx_word' id='word_1_306' title='bbox 568 4164 664 4221; x_wconf 83' lang='lat' dir='ltr'><strong>ducat.</strong></span> 
     </span>
    </p>
   </div>
   <div class='ocr_carea' id='block_1_8' title="bbox 0 0 1492 5018">
    <p class='ocr_par' dir='ltr' id='par_1_11' title="bbox 0 0 1492 5018">
     <span class='ocr_line' id='line_1_38' title="bbox 0 0 1492 5018; baseline 0 0"><span class='ocrx_word' id='word_1_307' title='bbox 0 0 1492 5018; x_wconf 95' lang='lat' dir='ltr'><strong> </strong></span> 
     </span>
    </p>
   </div>
  </div>
 </body>
</html>
