3030 5050
266 369 302 428 14
776 361 867 414 Plauti
1175 361 1257 427 11‚2,
1278 363 1384 414 11-25

697 547 937 616 Cleostrata

255 657 358 724 Credo
381 664 524 734 eoastor;
549 677 624 722 nam
647 657 788 724 uicinam
810 659 971 724 nemiuem
995 679 1069 724 auro
1092 659 1209 723 merito
1234 659 1337 740 magis

257 766 362 844 Quam
395 773 442 844 te,
476 787 534 832 nee
567 786 753 849 quemquam
778 767 870 843 aerei,
904 787 971 848 qua
998 767 1031 830 in
1060 766 1156 849 plura
1184 773 1259 830 sunt
1288 765 1382 842 mihi,

969 895 1054 957 quae
1078 895 1137 956 ego
1161 875 1269 939 uelim.

711 993 923 1079 Myrrhina.

341 1103 421 1168 Amo
444 1111 477 1168 te
499 1110 598 1188 atque
620 1106 704 1169 istuc
727 1110 845 1187 expeto
868 1105 950 1168 seire
974 1103 1053 1186 quid
1077 1103 1129 1168 sit.

697 1244 933 1310 Cleostrata

342 1352 401 1418 Uir
425 1375 474 1418 me
497 1353 598 1418 habet
620 1353 780 1436 pessumis
804 1353 973 1438 despioatu
997 1352 1110 1418 modis.

714 1497 744 1560 M
780 1495 926 1560 rrhina

343 1603 433 1683 Hem,
452 1607 528 1687 quid
548 1607 621 1670 est?
657 1607 715 1670 Die
733 1519 819 1670 idem
836 1604 914 1676 hoa.
938 1625 1012 1668 nam
1032 1604 1086 1687 pol
1103 1605 1190 1670 haud
1208 1608 1289 1671 satis
1305 1627 1379 1672 meo

343 1711 447 1778 Corde
470 1715 582 1797 aoaepi
607 1715 759 1796 querelas
783 1719 873 1792 tuas;
897 1711 1044 1777 obsecro.
1330 1733 1381 1784 176

710 1855 933 1922 Cleostrata

343 1964 402 2030 Uir
425 1987 474 2029 me
498 1964 599 2028 habet
621 1965 781 2046 pessumis
805 1965 976 2049 despioutu
1001 1964 1115 2040 modis,

342 2072 410 2138 Nee
433 2073 511 2136 mihi
533 2074 583 2136 ius
607 2093 713 2138 meum
736 2073 905 2157 optinendi
930 2075 1019 2155 optio
1043 2084 1102 2138 est.

714 2208 922 2292 Myrrhina

344 2319 429 2383 Mira
451 2325 535 2386 sunt.
560 2339 639 2382 uera
662 2319 690 2383 si
714 2319 903 2401 praedieas;
926 2341 1000 2384 nam
1024 2321 1086 2383 uiri

342 2427 398 2491 lus
421 2448 515 2490 suum
539 2426 581 2490 ad
605 2427 759 2491 mulieres
782 2429 929 2509 optinere
950 2427 1039 2492 haud
1062 2434 1196 2510 queunt.
1332 2447 1383 2499 180

709 2561 934 2629 Cleostrata

343 2671 429 2749 Quin
453 2671 532 2736 milri
554 2669 740 2736 ancillulam
765 2673 915 2755 ingratiis
939 2673 1094 2755 postulat,

342 2781 434 2859 Quae
457 2801 530 2845 mea
553 2788 613 2858 est,
636 2799 720 2861 quae
743 2801 814 2845 meo
838 2781 958 2845 educta
981 2787 1112 2864 sumptu
1136 2784 1208 2859 siet,

264 2889 369 2954 Uilioo
392 2909 451 2953 suo
474 2909 509 2952 se
534 2887 621 2966 dare,
646 2887 703 2952 sed
726 2889 817 2971 ipsus
841 2909 912 2954 eam
935 2898 1034 2954 amat.

715 3005 925 3090 Myrrhina

1071 3115 1227 3198 Obsecro,

259 3203 354 3270 Tace.

714 3290 936 3356 Cleostrata

324 3396 407 3463 Nam
430 3397 484 3462 hie
507 3419 593 3463 nune
617 3399 694 3462 lieet
716 3400 840 3480 diaere3
863 3419 923 3463 noe
948 3419 1069 3464 sumus.

715 3517 920 3601 Myrrhina

387 3594 407 3649 l
860 3627 921 3691 Ita.
967 3626 1030 3692 Sed
1052 3628 1139 3693 unde
1162 3648 1202 3691 ea
1222 3626 1283 3692 tibi
1306 3627 1382 3692 est?

260 3745 491 3760 -ι-ι--οι-Διο-Φ

274 3887 275 3890 ,
346 3834 394 3886 172
412 3849 579 3902 quemquam
596 3833 663 3887 noui
680 3849 731 3886 om.
862 3841 916 3900 qna
934 3831 1051 3900 plural
1181 3833 1229 3886 178
1247 3831 1332 3901 quide
1350 3833 1381 3886 Ε

262 3921 379 3974 178-74
397 3918 423 3972 Δ
439 3933 592 3974 renovem
655 3920 702 3972 174
719 3919 856 3986 pessumis
876 3936 920 3972 me
936 3917 1066 3972 hubetA
1123 3919 1295 3986 despieatam
1314 3917 1378 3984 ΒΕ,

261 4008 420 4075 despectam
438 4005 460 4058 Ι
472 4022 506 4058 m.
523 4021 551 4072 p.
645 4003 773 4073 dearsitar
790 4004 843 4058 178
949 4003 1179 4060 lethonem
1280 4003 1335 4057 hau
1354 4005 1379 4056 A

263 4093 310 4144 177
330 4091 501 4160 despicatam
521 4089 597 4144 BIE
665 4092 712 4146 178
729 4090 829 4159 lepitur
841 4098 906 4158 poet
923 4092 975 4146 174
1043 4091 1092 4144 180
1110 4089 1207 4144 autE
1274 4093 1319 4143 181
1341 4091 1380 4142 in·

261 4177 350 4246 gratia
422 4179 471 4231 187
488 4177 607 4230 educata
678 4178 725 4230 183
742 4175 823 4232 Ulieo
841 4175 871 4230 Ε
935 4175 988 4230 MY
1006 4189 1055 4230 om.
1124 4178 1173 4230 184
1191 4174 1243 4229 CL.
1260 4192 1310 4232 era.

262 4261 598 4318 mmmuffle
