2976 5018
556 306 586 356 v.
606 310 750 362 ees-426.
1160 317 1218 374 147

91 498 118 556 Si
145 519 192 558 me
216 500 406 578 suspendam,
434 501 547 577 inquit,
582 520 640 560 non
669 501 765 560 solum
788 501 920 560 inutilem
944 520 1065 577 operam
1089 503 1217 572 fecerim,

90 599 139 658 sed
164 602 255 660 etism
278 621 412 661 nummos
435 604 465 660 in
488 621 552 661 esm
583 622 646 661 rem
676 605 893 679 insumpserim.
918 633 959 646 -
984 605 1057 664 496.
1084 607 1154 682 „qui
1176 606 1218 664 sio

91 709 226 762 mortuus
254 705 391 781 equidem
420 701 539 763 tomeu“
572 704 659 764 codd.
688 710 837 781 eorrupte,
878 725 945 764 uem
975 711 1043 782 post
1065 704 1217 786 62111111-

91 806 215 866 deretur
231 809 355 866 verbum
371 803 475 882 „sim“,
498 828 552 866 nee
574 803 718 886 equidem
739 813 809 885 post
832 809 989 868 relativum
1011 809 1084 868 ferri
1107 816 1217 886 potest,

91 931 115 966 v.
129 911 269 985 exemplo
285 909 323 967 od
336 910 443 988 Amph.
457 909 633 968 15111111.
679 909 777 980 Quare
794 909 889 988 Gepp.
909 911 976 968 eliis
996 911 1216 988 preeuntibus:

94 1013 162 1088 „qui
184 1014 228 1070 sio
250 1017 385 1070 mortuus
408 1015 473 1070 sim.
516 1011 661 1089 Equidem
685 1017 785 1072 tomen
804 1033 827 1072 s.
846 1009 928 1072 s.u.“
965 1011 1023 1071 Sed
1045 1009 1093 1074 sic
1115 1011 1217 1074 lamen

90 1115 269 1190 iungendum
288 1115 416 1188 videtur,
440 1133 467 1173 r.
487 1115 567 1174 Pers.
587 1115 659 1174 274.
709 1114 802 1175 Aliud
824 1117 944 1174 subesse
967 1117 1099 1176 arbitror
1115 1117 1214 1176 velut:

94 1217 189 1288 ,Quid
206 1237 281 1295 opus
298 1225 353 1292 est,
367 1215 498 1294 quaeso?
521 1223 656 1276 mortuus
673 1236 738 1274 sum
758 1216 893 1294 equidem
912 1215 1030 1278 temeu“
1051 1225 1103 1276 eut
1118 1218 1215 1290 „Quid

91 1326 187 1395 opust,
211 1322 262 1395 qui
285 1321 339 1378 sim
362 1325 498 1378 mortuus
520 1319 635 1398 pridem
659 1315 800 1378 temen?“
822 1350 863 1360 -
888 1323 959 1380 408.
983 1335 1073 1398 aepre
1096 1318 1151 1392 est,
1175 1341 1215 1380 se.

92 1421 175 1496 mihi,
204 1422 240 1480 ol.
266 1423 304 1482 ed
327 1422 434 1500 Amph.
460 1423 531 1481 963.
560 1450 601 1460 -
630 1423 702 1481 412.
730 1415 929 1482 81163211αό21
956 1424 1001 1480 vel
1023 1424 1215 1494 sussultebut,

92 1525 125 1581 cl.
137 1525 174 1582 sd
188 1524 273 1601 Cepi.
288 1526 358 1584 631.
373 1553 415 1564 -
427 1525 498 1583 413.
521 1520 621 1584 Attal.
645 1524 860 1584 Admiratiouis
875 1544 994 1584 oensem
1006 1544 1067 1584 nou
1078 1528 1217 1602 proxime

95 1627 269 1696 ,concedam
293 1625 366 1686 huo“
392 1627 542 1699 indicent,
577 1627 629 1684 sed
658 1646 725 1703 qum
753 1633 933 1704 sequuntur,
967 1626 1159 1702 Lysidemum
1184 1633 1215 1684 et

91 1729 295 1807 Olympionem
318 1729 448 1807 prodire.
500 1725 620 1805 aperiri
642 1733 712 1788 olim
736 1750 790 1788 em.
827 1759 868 1769 -
902 1731 975 1788 414.
1011 1723 1101 1788 Mihi
1123 1725 1213 1788 bene·

91 1827 237 1904 uolmles,
285 1827 383 1906 „Mei“
409 1830 520 1902 Muell,
549 1839 629 1890 reete
652 1837 686 1889 ut
715 1831 848 1904 videtur,
877 1854 904 1892 v.
929 1831 967 1890 ed
990 1833 1073 1890 Trin.
1098 1835 1150 1893 46.
1175 1861 1212 1872 -

92 1931 182 1994 amici
203 1934 379 1994 Gulielmus.
404 1963 444 1976 -
468 1935 540 1993 415.
564 1929 647 1994 hisee
668 1934 865 1994 Camerarius.

172 2037 244 2096 416.
279 2036 418 2113 Olympio
440 2057 505 2096 oum
533 2038 605 2095 hero
633 2037 807 2113 colloquens
828 2039 992 2114 promittit,
1022 2039 1048 2096 ei
1072 2035 1213 2096 Chalinus

91 2142 119 2197 in
141 2140 241 2198 villam
265 2139 304 2198 sd
325 2159 358 2197 se
381 2145 411 2196 11
433 2138 568 2197 Casinum
592 2139 715 2210 venerit,
747 2159 778 2198 se
801 2159 868 2198 eum
891 2153 962 2198 orem
983 2131 1083 2210 furca,
1108 2157 1213 2198 onere·

91 2249 150 2298 tum
169 2249 319 2319 tumqusm
337 2242 553 2312 carbonarium,
577 2241 839 2312 remissurum,.of.
853 2240 982 2300 edhlen.
996 2243 1067 2300 924.
1101 2241 1213 2298 Furcas

90 2348 149 2404 sive
170 2345 316 2416 furcillae,
351 2342 459 2420 quibus
482 2343 624 2417 religatus
646 2345 780 2402 esreinse
802 2342 962 2419 gerebant,
997 2342 1069 2401 slibi
1097 2361 1213 2402 serum·

91 2448 170 2504 nulus
199 2448 403 2524 appellaverat
430 2444 569 2518 Plautus,
603 2451 638 2502 ut
665 2446 708 2503 eit
737 2445 818 2502 Festi
842 2443 897 2521 Ep.
921 2464 951 2522 p.
976 2446 1032 2517 24,
1070 2464 1213 2522 „querum

92 2569 171 2608 usum
194 2552 264 2626 quie
276 2549 307 2608 Ο.
322 2549 435 2607 Marius
453 2549 565 2619 retulit,
589 2553 694 2624 posteo
712 2548 785 2605 muli
803 2547 932 2606 Mariani
950 2543 1213 2625 appellabuntur“.

92 2650 181 2711 Greci
203 2653 341 2727 ἀνάφορον
364 2650 510 2721 dicebant,
534 2669 561 2706 v.
585 2649 739 2726 Aristoph.
762 2650 835 2708 Rou.
850 2653 878 2710 8.
923 2649 997 2725 lugo
1020 2656 1072 2708 sut
1093 2650 1213 2708 elitellie

92 2755 190 2813 similis
217 2756 307 2813 luisse
336 2753 471 2827 videtum
504 2754 535 2810 iu
565 2753 688 2828 antiquo
719 2753 838 2811 vasculo
867 2751 996 2810 effictum
1024 2771 1088 2812 esse
1111 2756 1212 2810 censet

91 2855 236 2915 Wieseler.
269 2855 534 2932 Thestorgohiiude
568 2873 596 2913 u.
632 2854 755 2913 Denkm.
786 2855 850 2914 Tus.
880 2856 907 2913 A
937 2857 974 2915 25
1004 2873 1034 2931 p.
1066 2856 1134 2913 lll.
1170 2883 1212 2892 -

92 2955 196 3016 ueniat
215 2959 295 3018 Com.
324 2988 366 2998 -
397 2960 469 3017 418.
502 2949 740 3029 [11111116αό0,
774 2976 802 3015 v.
827 2958 864 3014 ad
889 2957 950 3015 Mil.
975 2959 1046 3015 210.
1070 2985 1111 2996 -
1141 2958 1212 3014 419.

101 3053 195 3134 volui,
217 3057 249 3120 si
271 3061 361 3132 esset,
384 3079 411 3118 v.
430 3059 587 3137 udAmph.
609 3061 679 3119 696.
700 3089 741 3098 -
759 3060 829 3118 422.
855 3052 1086 3130 111111111111.
1105 3057 1211 3135 Amph.

99 3163 185 3236 1128,
213 3170 295 3223 retro
318 3163 457 3238 grediens
478 3169 512 3220 ut
536 3181 620 3240 nepoe
642 3169 673 3220 et
695 3164 809 3234 oouori,
844 3161 880 3220 of.
904 3161 1012 3218 Pseud.
1037 3163 1117 3220 960:
1152 3161 1214 3235 „Ut

96 3269 291 3338 trunsuorsus,
331 3284 390 3324 nou
428 3285 590 3342 prouorsus
624 3265 712 3338 cedit,
747 3265 833 3341 qussi
867 3281 972 3322 oencer
993 3258 1100 3322 solet“.
1158 3263 1212 3320 Hio

97 3386 202 3445 quoqne
236 3367 323 3427 codd.
356 3365 507 3440 „cedom“.
565 3367 673 3426 Veram
706 3368 886 3442 scripturam
917 3359 997 3425 dabo
1026 3379 1075 3424 me
1103 3363 1211 3424 Festus

96 3487 120 3543 p.
145 3473 200 3529 164
228 3472 368 3530 servavit.
414 3469 528 3528 Nonius
554 3491 584 3548 p.
618 3471 677 3528 145
704 3467 804 3526 offert:
842 3471 1063 3539 „retrouoreum
1093 3466 1211 3540 oedom;

97 3571 224 3630 imitabor
246 3569 384 3649 nepem“.
435 3571 532 3632 Loew.
557 3571 642 3629 Auel.
666 3590 695 3647 p.
720 3572 781 3628 204
808 3572 963 3642 „recessim
986 3565 1105 3646 hstsm“
1132 3573 1210 3630 coni.

100 3701 130 3712 -
152 3677 220 3734 425.
250 3667 293 3736 Ut
315 3673 409 3751 Gepp.
433 3695 488 3732 em.
521 3703 556 3714 -
586 3667 787 3745 candidatae,
823 3672 949 3731 condida
971 3679 1053 3730 reste
1077 3679 1209 3746 ornatus,

98 3781 126 3832 ut
144 3796 279 3855 sponsum
303 3777 436 3850 deeehst,
459 3777 494 3834 ol.
518 3776 597 3834 inire
621 3777 692 3836 719.
714 3805 754 3816 -
777 3771 867 3848 cedit,
891 3776 1013 3848 incedit,
1034 3795 1063 3834 ν.
1077 3776 1209 3835 sdAsiu.

99 3877 159 3936 462.
193 3909 231 3920 -
264 3881 337 3938 426.
371 3871 490 3938 loculus
518 3878 630 3956 Gepp.,
665 3897 733 3936 nem
762 3879 887 3954 pluralis
914 3879 986 3937 ferri
1015 3896 1073 3936 non
1101 3883 1210 3954 potest.

101 3977 214 4039 hoeulus
241 3989 294 4055 est,
330 3982 360 4042 iu
388 4000 448 4057 quo
482 3988 617 4039 mortuus
651 3979 798 4039 conditur.
857 3981 1050 4040 Stimulorum
1081 3981 1210 4039 loculum

102 4083 225 4157 appellet,
248 4086 278 4142 in
302 4085 385 4142 cuiue
402 4088 489 4159 tergo
507 4083 619 4142 stimuli
642 4082 821 4156 franguntur
843 4083 890 4141 vel
909 4085 1084 4156 moriuntur,
1109 4088 1143 4140 ut
1167 4089 1212 4141 est

101 4179 172 4260 Cspt.
193 4186 262 4260 644,
286 4186 322 4244 cl.
347 4186 453 4262 Amph.
481 4189 577 4244 1022:
604 4185 770 4258 „ulmorum
794 4180 979 4243 Acheruns“.
1003 4214 1043 4223 -
1059 4179 1209 4258 prololhs,

959 4292 1006 4349 10*
