3030 5050
101 389 125 448 L
146 393 168 456 1,
188 389 297 442 66-77
595 395 761 450 Cistellaria.

572 583 778 650 Selenium

103 687 146 750 At
171 687 255 752 mihi
280 689 462 755 cordolium
488 699 547 756 eut.

549 833 807 918 Gymnasium

312 938 376 1016 Qui
398 939 454 1005 id?
479 942 565 1006 uude
590 941 725 1006 esttibi
749 961 814 1019 cor,
838 963 1055 1019 commemora,
1080 943 1239 1008 obsecro?

102 1045 197 1125 Quod
229 1069 338 1132 neque
372 1069 432 1128 ego
467 1049 573 1115 habeo
607 1071 714 1132 neque
743 1051 918 1132 quisquam
949 1051 1016 1115 alia
1038 1050 1170 1128 mulier,
1204 1057 1241 1115 ut

830 1158 1006 1242 perhibent
1028 1159 1102 1223 uiri.

574 1277 778 1342 Selenium

103 1383 136 1448 Si
160 1385 246 1468 quid
273 1391 337 1462 est,
367 1384 456 1468 quod
481 1384 606 1462 doleat,
629 1383 735 1464 dolei3
765 1385 792 1450 si
816 1393 926 1450 autem
950 1407 1015 1452 nou
1039 1391 1104 1464 est,
1128 1393 1238 1451 tamen

830 1492 893 1557 hoc
917 1493 970 1558 hic
994 1494 1092 1558 dolet.
1205 1510 1239 1562 co

546 1613 804 1695 Gymnasium

104 1722 204 1786 Amat
227 1721 313 1787 haec
338 1721 463 1786 mulier.

574 1838 779 1904 Selenium

353 1947 423 2014 Eho
447 1969 489 2012 au
513 1967 623 2012 amare
646 1949 796 2030 occipere
820 1967 969 2012 amarum
992 1955 1053 2026 est,
1078 1947 1240 2014 obsecro?

544 2090 802 2174 Gymnasium

107 2199 259 2282 Namque
282 2206 416 2263 ecastor
438 2220 531 2263 amor
554 2205 587 2263 ei
611 2198 706 2262 melle
730 2196 861 2262 oisella
886 2205 935 2262 eat
958 2196 1240 2278 secundissumus3

109 2311 254 2372 Guatctu
280 2306 338 2371 dat
361 2307 472 2386 dulce;
497 2327 646 2371 amarum
669 2305 711 2370 ad
734 2306 921 2370 satietatem
945 2325 1049 2389 usque
1073 2307 1209 2388 oggerit.

575 2447 779 2514 Selenium

110 2558 159 2622 Ad
188 2559 292 2623 iatam
320 2558 435 2623 faciem
466 2563 516 2622 eat
549 2555 700 2632 morbus,
732 2555 791 2638 qui
819 2575 884 2632 mo,
919 2574 992 2619 mea
1020 2553 1241 2639 Gymnasium,

829 2669 985 2730 macerat.

546 2805 806 2890 Gymnasium

111 2915 313 2982 Perfidiosus
336 2921 387 2980 est
409 2936 512 2980 amor.

574 3031 778 3097 Selenium

545 3139 631 3222 Ergo
655 3141 688 3204 iu
711 3162 762 3204 me
786 3139 974 3223 peculatum
998 3135 1087 3203 facit.
1207 3155 1243 3207 70
1336 3153 1339 3163 ’

549 3293 803 3376 Gymnasium

115 3405 205 3471 Bono
228 3405 338 3468 auimo
362 3424 412 3483 es;
437 3404 501 3467 erit
523 3404 579 3468 isti
603 3402 717 3466 morbo
740 3402 867 3466 melius.

577 3554 781 3620 Selenium

906 3659 1075 3726 Confidam
1099 3660 1177 3736 foro,

120 3773 152 3838 Si
174 3775 321 3841 medicus
341 3775 463 3850 ueniat,
483 3773 539 3856 qui
558 3771 635 3836 huic
653 3771 766 3836 morbo
783 3771 892 3836 iacere
911 3769 1104 3834 medicinam
1122 3773 1240 3851 potest.

548 3913 804 3996 Gymnasium

203 4281 236 4332 63
256 4277 328 4346 Quid
346 4277 375 4329 id
459 4277 510 4330 cibi
530 4275 686 4329 cordolium
772 4290 835 4326 oum
853 4287 978 4325 memora
997 4269 1028 4324 a
1106 4273 1140 4324 68
1157 4274 1244 4337 gustu
