2976 5018
80 405 129 466 IV,
152 409 176 474 l,
198 407 303 462 60-68
568 407 730 462 Cistellaria.

570 595 737 662 Halisca

79 706 241 772 Alienum
265 705 445 790 quoddam
466 707 534 782 erit,
560 703 674 784 offmet
696 727 876 771 maerorem
900 707 1102 774 familiarem.

538 848 761 932 Lampadio

80 959 174 1024 llala
201 980 300 1038 mers,
326 979 391 1034 era,
414 957 496 1022 haec
519 965 552 1022 et
575 955 697 1020 callida
720 964 777 1020 est.

512 1089 791 1155 Phanostrata

838 1197 978 1264 Ecastor
1001 1201 1047 1264 ita
1071 1197 1212 1263 uidetur.

540 1317 758 1400 lampadio

80 1426 242 1492 Imitatur
265 1448 406 1510 nequam
431 1426 566 1491 bestiam
591 1432 625 1490 et
648 1425 862 1490 damniticam.

514 1567 795 1634 Phanostrata

790 1676 981 1756 Quamnam,
1005 1677 1145 1742 amabo?
1163 1695 1225 1748 560*

539 1795 761 1880 Lampadio

81 1907 308 1983 Inuoluolum‚
333 1927 417 1990 quae
441 1907 472 1969 in
498 1907 640 1988 pampini
666 1905 743 1970 lolio
766 1907 890 1970 intorta
913 1905 1052 1989 inplicat
1073 1929 1121 1986 se3

81 2016 207 2082 Itidem
230 2015 314 2080 haec
337 2016 507 2080 exorditur
529 2015 592 2079 sihi
615 2016 770 2080 intortam
795 2015 988 2080 orationem.

83 2124 172 2202 Quid
198 2125 391 2207 quaeritas?

570 2243 735 2308 Halisca

383 2327 560 2418 Cistellam.
606 2350 691 2416 Hinc
714 2352 802 2428 mihi,
828 2352 1030 2426 adulescens,
1055 2352 1212 2418 euolanit.

542 2493 765 2576 Lampadio

84 2605 121 2669 In
146 2625 254 2670 cauea
278 2604 379 2669 latam
403 2603 558 2687 oportuit.

570 2739 735 2804 Halisca

596 2849 666 2914 Non
692 2851 808 2933 edepol
832 2851 955 2932 praeda
978 2871 1105 2934 magna.

545 2992 767 3077 Lampadio

86 3103 220 3181 Mirum,
245 3103 322 3184 quin
346 3122 424 3184 grex
448 3101 611 3165 uenalium
636 3103 668 3165 in
693 3101 822 3166 cistella
845 3101 978 3167 insuerit
1001 3123 1074 3166 una.
1164 3121 1215 3173 565

513 3243 790 3310 Phanostrata

90 3355 168 3420 Sine
191 3355 291 3420 dicat.

543 3472 764 3556 Lampadio

268 3581 303 3646 Si
326 3582 416 3647 dicat
438 3583 579 3666 quidem.

512 3736 792 3802 Phanostrata

570 3846 648 3926 Age,
672 3845 807 3930 loquere
831 3853 877 3924 tu,
900 3845 979 3927 quid
1003 3843 1050 3909 ibi
1072 3845 1214 3911 infuerit.

178 4053 229 4105 568
249 4051 376 4104 Alienum
394 4089 520 4104 ........
537 4057 566 4103 et
585 4067 721 4104 merorem
741 4050 776 4116 B,
802 4052 928 4104 Alienum
949 4055 975 4102 et
999 4067 1153 4103 memorem
1171 4047 1219 4103 Htl

98 4139 146 4190 560
163 4139 229 4205 qnin
249 4153 313 4190 nam
332 4134 385 4199 ΒΙ,
403 4137 536 4204 quidnam
556 4137 584 4191 Ε
678 4141 724 4190 561
747 4137 908 4190 Inuolnlum
928 4135 948 4189 I
1047 4136 1161 4204 penpini
1181 4133 1215 4199 Β,

98 4223 206 4292 parplni
225 4221 254 4276 Ε
343 4220 400 4276 filio
497 4223 547 4276 562
566 4223 717 4276 exordetnr
735 4221 794 4276 ΒΕ
894 4224 944 4276 563
961 4222 1007 4275 hic
1025 4219 1084 4275 BE
1166 4222 1216 4274 664

99 4324 209 4361 caueam
279 4309 327 4360 566
346 4307 460 4361 infuerit
479 4308 524 4362 uia
542 4306 572 4360 E
