2976 5018
255 377 314 436 10ss
768 367 860 422 Plauti

714 557 731 596 a
774 557 791 597 a
834 557 852 596 a
895 559 913 598 a

257 645 336 711 Gom
356 643 489 708 muliere
509 643 569 708 cilo
591 663 655 708 unc
676 643 743 708 ibat
764 644 997 710 adulescentula

252 755 324 819 Non
349 753 441 836 quasi
465 773 550 817 nuuc
573 752 654 817 haec
676 759 752 818 suut
774 752 828 817 hic
850 753 984 818 limaces
1007 753 1131 819 liuidae

252 861 457 938 Diobolares,
482 858 719 936 schoenicolae‚
744 861 931 939 miraculae,

253 971 333 1038 Cum
358 969 496 1036 extortis
519 968 604 1044 talis,
629 988 703 1033 curn
726 969 850 1034 todillis
872 969 1040 1048 crusculis,

252 1081 379 1166 (lapillo
403 1080 506 1144 scisso
530 1085 630 1161 atque
653 1077 844 1142 exscissatis
867 1075 1010 1158 auribus,

254 1187 354 1268 Quae,
379 1187 475 1272 quasi
497 1185 671 1251 carnuficis
693 1186 868 1267 angiporta
891 1189 1063 1269 purgitcct,

253 1296 386 1361 Fcctore
409 1295 494 1374 turpi
516 1313 623 1357 omncs
646 1291 776 1376 obiceret
796 1293 831 1357 ic
852 1289 971 1375 sacam,

254 1406 320 1472 Sed
340 1407 421 1469 scita
444 1409 475 1467 et
497 1421 574 1484 quoe
595 1399 690 1481 faccia
714 1403 815 1466 amuis
837 1401 970 1467 adliciat
990 1403 1072 1481 aba

254 1515 337 1580 Nam
360 1514 408 1578 ita
432 1510 649 1575 mustulentus
671 1515 783 1575 aestus
808 1531 903 1576 nares
926 1511 1049 1594 attigit.

256 1621 364 1706 „Tace
385 1615 501 1686 baiua“
525 1620 656 1702 iuquam
682 1616 765 1698 „filia
788 1617 863 1684 ea?“
890 1625 983 1702 aiom
1006 1617 1059 1686 illc
1082 1623 1137 1686 ait.

255 1731 357 1811 Pergo
381 1729 471 1794 illam
491 1728 544 1792 bic
566 1725 683 1810 acceo
705 1725 817 1792 dictis:
845 1727 964 1807 „Illaec
986 1736 1019 1794 te
1042 1751 1125 1794 anus

258 1839 301 1918 „F
304 1847 421 1904 ortuac
444 1835 543 1901 abaco
564 1835 697 1918 iudicare
719 1835 762 1900 ed
781 1855 833 1900 res
854 1837 992 1902 miseras
1014 1845 1121 1904 uocat.

258 1947 360 2028 „Nam
383 1946 480 2010 illaec
502 1945 563 2009 tibi
585 1945 695 2008 nutrix
719 1950 778 2024 est,
802 1965 843 2010 ua
866 1951 1004 2010 matrem
1030 1966 1175 2012 censeas.

258 2057 345 2137 „Ego
367 2062 401 2119 te
424 2053 545 2118 reduco
569 2059 601 2118 et
624 2072 741 2118 reuoco
765 2051 808 2118 ad
831 2053 977 2134 diuitias,
1000 2055 1057 2119 ubi

260 2164 326 2246 „Tu
348 2163 513 2229 conlocare
536 2164 569 2226 in
592 2160 792 2226 luculentam
815 2159 985 2242 familiam,

258 2271 368 2354 „Unde
392 2271 454 2337 tibi
475 2271 603 2336 talenta
626 2290 744 2352 magua
766 2271 883 2353 uiginti
907 2279 1003 2354 pater

259 2382 340 2460 „Det
363 2381 460 2445 dotis,
505 2377 578 2442 Non
602 2380 687 2443 enim
711 2376 774 2458 hic,
796 2379 852 2443 ubi
876 2401 915 2443 ex
938 2380 1045 2445 Tusco
1070 2381 1166 2446 modo

260 2489 361 2566 „Tute
383 2489 445 2552 tibi
469 2487 599 2570 indigue
623 2488 732 2552 dotem
756 2509 894 2571 quaeras
917 2491 1082 2572 corpore.“

681 2675 956 2742 Phanostrata

257 2791 316 2868 An,
340 2788 467 2866 amabo,
492 2787 647 2851 meretrix
669 2784 726 2849 illa
749 2792 807 2861 est,
833 2805 917 2868 quae
940 2785 1029 2850 illam
1053 2787 1207 2851 sustulit?

709 2975 929 3061 Lampadio

255 3088 358 3153 Immo
380 3087 536 3153 meretrix
557 3085 629 3151 iuit.
676 3085 739 3151 Sed
761 3093 800 3150 ut
822 3087 866 3151 sit
889 3086 929 3153 de
952 3109 992 3153 ea
1013 3108 1059 3166 re,
1083 3085 1229 3172 eloquar.
1326 3099 1376 3152 400

256 3195 325 3260 Iam
348 3195 566 3279 perducebam
591 3195 678 3259 illam
704 3195 746 3259 ad
769 3217 820 3259 me
844 3197 979 3261 suadela
1002 3218 1083 3260 mea.

257 3306 346 3369 Anus
369 3305 398 3368 ei
421 3304 572 3387 amplexa
595 3311 646 3368 cst
667 3325 783 3385 genua,
809 3305 950 3386 plorans,
975 3305 1157 3384 obsecrans,

256 3412 304 3476 Ne
329 3412 460 3476 deserat
483 3433 527 3476 se.
585 3412 667 3477 Eam
690 3433 783 3478 suam
808 3434 877 3478 esse
900 3414 1004 3479 filiam

341 3667 463 3724 Lacuna
480 3683 536 3722 nou
552 3669 695 3724 indicatur
712 3670 743 3723 in
761 3669 837 3724 codd.
973 3671 1025 3724 382
1047 3671 1136 3726 Varro
1153 3666 1188 3722 L.
1206 3667 1240 3722 L.
1264 3667 1326 3736 1⁷11,
1344 3665 1375 3719 64

257 3757 308 3810 333
330 3755 418 3811 Varro
435 3755 468 3810 L.
487 3755 520 3809 L.
543 3755 607 3823 VH,
625 3756 669 3810 64.
689 3755 762 3810 Fert.
779 3771 808 3822 p.
826 3757 880 3810 329
898 3772 935 3824 aq.
1004 3755 1055 3809 384
1073 3755 1146 3809 Feci.
1165 3755 1181 3809 l.
1200 3755 1230 3808 i.:
1251 3771 1312 3808 cum
1332 3768 1375 3805 ex·
1471 3759 1472 3762 ’

257 3841 341 3896 tritis.
459 3839 592 3896 Priscian
609 3841 664 3894 ΙΠ
674 3857 703 3908 p.
721 3842 788 3895 611:
805 3841 920 3907 tedium,
940 3841 1015 3896 Fece.
1032 3857 1060 3912 p.
1077 3841 1143 3896 301.-
1162 3839 1286 3906 sodellis,
1304 3837 1375 3892 Fest-

258 3927 312 3994 Fa.
329 3943 356 3994 p.
375 3927 428 3980 52.-
446 3926 599 3980 crocotillie
693 3927 743 3980 335
761 3927 872 3982 Noniae
889 3944 916 3995 p.
935 3929 1001 3981 108.-
1019 3926 1162 3979 excissatis
1254 3927 1305 3979 336
1323 3921 1374 3977 No·

257 4013 322 4066 aius
338 4029 365 4080 p.
384 4013 449 4066 190.-
468 4012 617 4079 purgitans
722 4015 772 4067 339
790 4013 901 4067 Nouius
916 4030 944 4081 p.
963 4013 998 4066 63
1016 4027 1072 4080 ης
1095 4011 1134 4065 td
1148 4027 1178 4079 p.
1197 4011 1265 4064 415:
1284 4007 1375 4062 musti·

258 4097 351 4150 lentus
370 4101 471 4152 uentus
489 4099 567 4152 naris
586 4097 690 4166 obtigit
808 4099 855 4151 391
876 4115 916 4165 sq.
934 4097 1057 4152 Lacuna
1074 4096 1104 4151 in
1121 4096 1196 4150 cedd-
1214 4089 1378 4151 indiacum.
1471 4097 1472 4100 ’

259 4185 309 4238 393
328 4184 378 4236 illa
395 4181 456 4238 haec
474 4179 534 4236 BE
617 4183 790 4238 meretrixI
872 4183 922 4236 394
941 4199 1013 4236 uoco
1092 4184 1143 4236 395
1161 4182 1255 4238 locere
1332 4178 1378 4234 396
1471 4175 1472 4256 i

259 4269 435 4339 corporael
517 4270 569 4322 402
586 4267 706 4323 ienuaI
789 4277 817 4322 et
835 4267 983 4323 obsecrans
1001 4267 1031 4322 E
1114 4269 1164 4321 403
1182 4283 1239 4321 nou
1256 4266 1288 4322 E
1471 4257 1472 4346 i
