2976 5018
565 421 597 476 v.
616 424 761 476 eso—see.
1161 430 1221 488 145

89 614 195 672 attulit
218 619 320 672 autem
339 617 433 673 Accii:
460 617 579 692 „patrio
596 617 732 694 exemplo
752 619 782 672 et
800 616 968 674 medicabo
986 621 1075 694 atque
1093 617 1220 674 animam

88 715 203 776 denoto
231 713 401 776 hostibus“.
457 718 577 794 Apulei.
602 717 639 774 de
667 716 767 776 herbis
799 720 853 775 75:
891 720 935 791 „si
966 719 1032 795 qnia
1063 718 1222 779 devotatus

88 819 268 896 defixusque
292 819 383 876 fuerit
405 819 436 876 in
458 819 520 876 suis
542 816 687 896 nuptiis“.
721 849 764 858 -
798 821 869 877 368.
904 819 1091 897 Olympionis
1118 841 1222 898 preces

88 923 202 980 iterum
219 922 413 998 interrumpit
432 919 582 979 Chalinus.
617 935 733 995 caruem,
752 923 864 982 vinculi
876 943 970 1000 genus
988 924 1059 981 item
1076 927 1111 980 ut
1128 923 1220 994 furca,

89 1044 116 1080 v.
129 1023 169 1081 ad
182 1022 272 1081 Cure.
288 1025 357 1081 687.
392 1022 484 1086 Poen.
503 1024 575 1082 827.
597 1051 634 1064 -
655 1025 725 1082 369.
748 1019 861 1084 sortito
879 1045 935 1084 em.
956 1025 1094 1102 Spengel.
1113 1023 1221 1084 Pbilcl.

88 1125 174 1183 XXV
204 1146 235 1202 p.
261 1128 332 1184 348.
388 1119 524 1198 eueniat,
559 1145 600 1183 ac.
623 1130 658 1184 nt
686 1124 822 1185 (lesinam
852 1128 967 1186 ducem.
1022 1126 1223 1204 InterrumpIt

89 1229 260 1288 orationem
283 1247 443 1288 conservus
465 1234 496 1286 et
517 1247 571 1287 sno
594 1247 676 1286 more
699 1228 838 1288 absolvit.
857 1259 898 1270 -
915 1224 1055 1304 pedibus
1070 1225 1222 1304 pendeam

89 1352 116 1386 v.
131 1331 171 1388 ad
184 1332 270 1388 Asin.
284 1332 355 1390 297.
376 1359 418 1369 -—
441 1331 512 1388 370.
536 1323 589 1403 At,
612 1351 652 1388 sc.
676 1351 731 1407 ego
754 1338 837 1408 opto.
863 1360 901 1371 -
927 1327 1033 1392 oculos
1055 1347 1223 1408 emueyare

90 1441 159 1506 cet,
198 1433 233 1491 of.
258 1432 347 1492 Most.
374 1435 470 1491 1091:
508 1432 619 1504 ,Immo
648 1436 739 1492 etiam
769 1435 924 1494 cerebrum
953 1455 1071 1512 quoque
1099 1453 1184 1493 omne
1207 1455 1223 1493 e

91 1539 191 1612 capite
216 1537 347 1594 emunxti
370 1531 467 1594 meo“.
512 1535 560 1592 Ad
584 1538 783 1594 accusativum
807 1537 843 1594 cf.
864 1536 963 1595 Madv.
976 1536 1028 1595 Gr.
1041 1535 1108 1596 Lat.
1122 1539 1183 1596 237
1197 1557 1221 1612 c,

91 1638 216 1712 Syntax.
235 1637 329 1697 Graec.
350 1640 388 1696 35
413 1637 431 1695 b
455 1657 522 1696 ann.
548 1639 575 1696 3.
601 1667 638 1676 -
653 1636 736 1696 371.
760 1637 885 1698 Bothius
908 1637 1033 1698 Chalino
1057 1639 1149 1712 dedit,
1173 1642 1223 1698 vix

91 1747 183 1798 recte.
230 1740 315 1812 Huic,
339 1759 430 1816 quum
449 1747 585 1798 eventum
604 1741 769 1799 sortitionis
787 1741 892 1798 timere
910 1745 992 1802 visus
1009 1747 1096 1814 esset,
1119 1741 1221 1818 Olym·

91 1845 142 1920 pio
166 1841 380 1900 sollicitudinis
402 1841 517 1903 unllam
540 1861 658 1900 causam
683 1860 746 1900 esse
764 1842 851 1918 dicit;
874 1850 996 1918 certum,
1020 1863 1080 1902 non
1099 1844 1222 1902 dubium

92 1965 157 2004 esse
181 1947 272 2004 sortIs
296 1953 444 2020 eventurn,
468 1949 503 2002 nt
524 1951 644 2022 pereat3
668 1963 761 2020 quare
785 1965 851 2003 eum
875 1945 1015 2004 bortatur
1031 1951 1066 2003 ut
1084 1946 1222 2022 laqueum

91 2048 147 2106 sibi
172 2052 310 2124 peretum
333 2048 451 2106 habeat.
475 2077 517 2086 -
547 2049 617 2105 372.
654 2039 741 2104 aerbo
764 2047 831 2104 edd.
857 2077 897 2086 -
927 2051 998 2107 373.
1025 2043 1169 2123 suupices
1191 2052 1222 2108 in

93 2151 115 2208 B
140 2149 176 2206 ab
202 2151 288 2208 initio
311 2153 453 2225 scriptum
477 2148 609 2222 videtnr3
632 2155 738 2224 postea
763 2145 951 2226 „suspicere“
976 2153 1105 2222 factnm3
1130 2151 1166 2210 cs.
1185 2152 1223 2210 ed

93 2253 201 2328 Amph.
227 2254 298 2312 817.
322 2281 362 2292 -
388 2253 458 2309 374.
493 2247 589 2323 sorti,
618 2257 730 2310 sortem
752 2250 842 2325 educ,
871 2253 907 2309 ci.
933 2253 1004 2312 392.
1028 2283 1069 2292 —
1092 2253 1139 2312 Ad
1162 2253 1223 2312 haec

92 2353 262 2412 Cleostrata
283 2354 462 2432 respondet:
498 2347 587 2412 Bene
608 2344 702 2424 facie.
759 2353 883 2411 Interim
911 2356 991 2413 servi
1019 2358 1100 2414 inter
1121 2375 1152 2414 se
1176 2357 1221 2414 lo-

94 2461 237 2532 quuntur.
271 2486 309 2496 -
344 2449 483 2516 Lucrum
511 2447 605 2529 facit,
640 2456 722 2533 quod
744 2462 774 2513 te
797 2455 913 2533 perdit,
948 2459 999 2531 qui
1023 2458 1140 2516 domino
1164 2477 1223 2516 non

93 2559 337 2630 emolumentum,
362 2558 414 2616 sed
435 2557 579 2616 ‘damnum
601 2559 651 2616 sis.
682 2587 722 2597 -
754 2560 813 2616 377
837 2577 880 2634 sq.
916 2557 1066 2632 Chalinus,
1090 2562 1139 2616 cui
1161 2562 1224 2619 bec

94 2667 176 2718 recte
200 2660 274 2719 dant
295 2659 352 2732 IE,
377 2681 411 2720 ea
434 2681 499 2736 quse
522 2680 617 2736 nuper
640 2661 772 2736 dixerat,
801 2659 922 2718 uberius
951 2663 1103 2739 explicans
1126 2667 1222 2738 optat,

92 2769 126 2820 ut
155 2782 220 2822 sors
255 2763 421 2822 adversarii
454 2781 578 2839 prorsus
609 2767 767 2822 evanescet
798 2767 849 2820 aut
877 2763 1026 2835 solvatur,
1060 2767 1103 2822 sic
1130 2769 1165 2822 ut
1192 2765 1223 2822 in

2 2869 3 2872 ’
76 2865 205 2928 ,fabulis
234 2866 286 2923 illa
315 2865 508 2943 Cresphontis
536 2864 719 2938 Heraclidae,
753 2866 806 2940 qui
833 2884 889 2943 pro
917 2864 1019 2942 lapide
1046 2865 1163 2942 glebam
1192 2869 1223 2925 iu

93 2988 197 3027 urnam
222 2987 307 3046 aqnae
330 2968 448 3044 plenam
475 2968 658 3039 coniecerat,
688 2987 715 3024 v.
741 2966 877 3044 Apollod.
902 2967 939 3040 Π,
965 2970 994 3038 8,
1018 2969 1050 3028 4.
1098 2961 1164 3025 isia
1186 2987 1223 3024 ex

95 3073 231 3146 proximo
254 3090 343 3128 versu
366 3071 397 3129 in
420 3070 497 3128 bunc
520 3073 649 3128 retraxit
671 3070 758 3128 Both.
804 3061 948 3142 Hercule,
976 3088 1035 3126 non
1059 3067 1222 3141 Herculeis,

92 3169 261 3250 praenatis
285 3172 388 3231 Latini
410 3170 557 3232 dicebant.
609 3172 705 3242 Quum
733 3191 799 3248 ques
828 3171 879 3228 alii
903 3176 1094 3228 tentaverant
1116 3189 1223 3248 parum

2 3287 3 3290 ’
98 3275 312 3346 satisfacerent,
335 3275 441 3351 scripsi
461 3266 597 3332 Hercule
620 3267 697 3332 illis.
721 3303 761 3313 -
788 3275 859 3332 378.
890 3267 1054 3332 delituerit
1075 3271 1155 3332 Cam.
1179 3303 1221 3311 -

100 3379 167 3436 379.
191 3377 363 3455 Olympioni
387 3376 503 3434 dandus
526 3383 586 3450 est,
609 3377 633 3434 B
656 3375 789 3450 Chalino,
813 3374 919 3433 Eseni
936 3375 1053 3450 tribuit,
1075 3375 1090 3433 I
1109 3377 1222 3435 nullam

98 3484 196 3538 notam
228 3479 327 3538 hebet.
382 3475 433 3553 ut,
468 3480 512 3536 ita
543 3485 578 3537 nt
611 3479 756 3555 liquescas
789 3483 941 3554 tamquam
971 3497 1047 3536 cere.
1083 3507 1117 3516 -
1151 3479 1221 3536 380.

100 3574 165 3639 Hoc
188 3595 259 3658 ape,
290 3581 347 3640 hnc
372 3580 499 3640 adverte
529 3583 667 3638 animum.
720 3579 795 3637 Eum
823 3585 944 3640 revocat
972 3580 1008 3640 ab
1032 3581 1224 3639 altercatione

101 3703 161 3742 cnm
196 3683 292 3742 altero
326 3702 421 3742 servo.
457 3713 497 3724 -
531 3677 704 3758 litteratus,
746 3685 928 3758 stigmatias,
962 3686 1034 3740 nota
1063 3682 1224 3755 insignitus

102 3785 197 3859 fronti,
230 3787 407 3864 inscriptus,
440 3792 473 3843 ut
502 3784 578 3844 Plin.
603 3785 639 3842 H.
669 3784 705 3842 N.
735 3783 849 3856 XVIII,
886 3785 940 3857 21,
975 3781 1076 3841 Seneo.
1104 3783 1141 3840 de
1174 3782 1224 3840 Ira

104 3885 155 3961 III,
184 3889 211 3960 3,
238 3891 269 3959 6,
298 3887 427 3945 frontem
450 3887 621 3962 litteratus,
655 3897 689 3945 ut
716 3887 861 3964 Apuleius
884 3884 957 3944 Met.
981 3884 1033 3956 IX,
1059 3886 1108 3942 12.
1164 3884 1223 3943 Sed

107 3987 207 4066 duplex
229 3991 273 4046 vis
295 3992 392 4049 inesse
414 3990 549 4057 videtur,
578 3995 612 4047 ut
645 3989 732 4047 simul
755 3989 893 4063 peritiam
922 3987 986 4044 eina
1014 3989 1146 4062 antique
1175 3986 1219 4044 bi·

107 4093 196 4149 storie
218 4091 327 4149 rideat.
350 4121 393 4130 -
422 4093 492 4150 381.
521 4085 568 4149 sit
588 4091 660 4148 olim
682 4089 881 4148 emendatum.
905 4116 946 4126 -
977 4088 1047 4146 388.
1077 4081 1163 4160 Noe,
1192 4106 1220 4144 v.

109 4191 141 4248 ad
161 4192 249 4251 Stich.
275 4194 346 4251 394.
371 4223 412 4233 -
435 4187 496 4252 Hr'c
517 4188 630 4267 uincet,
654 4193 673 4250 i.
699 4212 723 4250 e.
748 4210 813 4266 ego,
835 4210 862 4249 v.
883 4190 919 4248 ad
937 4189 1023 4266 Capt.
1038 4190 1109 4247 334.
1145 4187 1221 4246 Edd.

111 4293 177 4351 mele
208 4297 270 4354 seni
304 4295 366 4354 bsec
398 4295 548 4367 tribuunt;
582 4295 668 4354 codd.
697 4293 711 4352 I
740 4300 770 4350 et
797 4293 823 4350 E
851 4292 957 4350 saltem
991 4296 1072 4350 recte
1100 4290 1223 4348 Chalino

878 4405 1020 4457 .10
