2970 5006
585 357 617 412 V·
636 357 745 412 29-53·
1166 367 1228 427 305

104 551 196 630 Epid.
221 553 297 624 233,
331 555 394 610 tum
416 553 448 609 in
469 555 646 628 unguentis,
680 571 708 609 v.
732 551 808 612 Plio.
832 551 868 612 H.
891 553 927 612 N.
951 549 1039 627 xm,
1064 557 1091 626 3,
1117 558 1143 627 5,
1169 557 1224 614 24;

110 654 251 726 „Certum
272 661 318 714 est
339 653 488 713 Antiocho
510 671 581 728 rege
603 653 733 730 Asiaque
757 655 881 714 devictis
907 656 991 714 urbis
1019 677 1096 716 enno
1118 657 1227 716 1)va

106 759 141 816 P.
166 757 315 816 Licinium
338 758 485 828 Crassum,
508 755 543 815 L.
563 757 670 816 Iulium
694 755 848 815 Caesarem
873 778 1008 818 censores
1031 761 1166 834 edixisse,
1190 781 1227 819 ns

106 863 175 936 quis
199 860 343 918 venderet
364 864 516 934 unguente
538 860 666 930 exotico,
701 859 743 917 sic
771 861 848 918 enim
871 859 1087 937 appellavere“.
1113 839 1226 922 ...42

106 959 252 1037 superior
279 965 452 1041 corruptum
475 966 530 1034 est,
560 967 591 1020 et
617 966 687 1038 post
708 961 738 1020 h.
761 982 788 1021 v.
813 963 921 1021 litterae
952 965 1086 1042 quendem
1114 965 1227 1024 deside·

105 1072 223 1124 rantur.
268 1065 416 1124 Laconem
438 1064 515 1122 mule
538 1065 690 1141 supplevit
705 1064 845 1123 librarius
863 1065 926 1124 cod.
940 1066 979 1125 B:
1006 1087 1113 1145 ,quom
1129 1065 1228 1126 erue“.

106 1168 222 1226 Ritsch.
257 1173 358 1227 temen
392 1167 460 1226 inde
493 1167 643 1245 profectus
679 1187 763 1242 „cum
797 1163 865 1226 ero“
901 1171 1037 1246 scripsit,
1073 1171 1228 1246 locumque

105 1272 221 1329 lacunis
244 1271 380 1329 laborere
402 1271 526 1342 censuit,
549 1274 584 1326 ut
604 1269 674 1327 telis
696 1270 758 1328 lere
780 1271 886 1329 fuerit:

237 1373 267 1431 Si
290 1379 324 1432 tu
347 1375 416 1445 oles,
441 1369 486 1446 [st
508 1373 576 1430 istis
599 1391 653 1448 ego
675 1373 792 1449 plecere
814 1373 873 1431 heu
895 1376 1020 1452 postulo¹

237 1473 418 1550 Munditiis]
442 1494 538 1551 neque
560 1476 698 1551 superior
720 1495 786 1534 cum
809 1494 860 1534 ero
882 1477 1064 1548 occumbere,

237 1577 340 1656 Neque
361 1583 423 1636 tem
445 1577 558 1650 facetis,
581 1597 670 1654 quem
693 1583 727 1636 tn
749 1581 839 1650 uiuis,
862 1580 992 1639 trictibus

238 1674 390 1757 [Aetatem
412 1681 530 1756 exigere
552 1685 583 1738 et
605 1680 719 1738 deliciis
740 1680 941 1759 uoluptsriis.]

107 1785 243 1861 Buggius
271 1785 386 1842 lacunis
413 1803 472 1842 non
502 1803 591 1860 egens
620 1785 753 1860 scripsit:
791 1803 904 1860 ,neque
934 1787 1061 1864 superbe
1090 1807 1154 1846 cum
1178 1807 1229 1846 ero

111 1885 324 1959 occumbere“;
349 1885 485 1962 equidem
503 1887 643 1944 coniicio:
670 1907 784 1962 „neque
800 1907 889 1965 super
899 1891 1014 1965 tepetis
1026 1888 1229 1949 occumbere“.

108 2019 153 2030 —-
188 1991 238 2048 43.
274 2003 367 2066 quum
395 1989 429 2046 lu
456 1982 540 2047 uiuis
566 1967 652 2047 codd.
681 1989 753 2047 Inde
786 1991 883 2048 sudiri
916 1991 1095 2051 infinitivum
1128 1995 1230 2052 uiuere

109 2097 246 2163 censent,
280 2089 361 2167 quod
388 2089 452 2148 fieri
480 2110 566 2167 posse
595 2111 654 2149 non
684 2091 782 2151 credo.
838 2092 942 2170 Itsque
971 2115 1037 2154 cum
1060 2095 1171 2172 Pylade
1199 2103 1230 2152 et

109 2194 220 2254 Bothio
246 2188 385 2265 „uiuere“
411 2194 531 2272 scripsi,
566 2195 701 2271 quemvis
728 2215 787 2254 non
807 2197 947 2272 pleceont
969 2200 1092 2256 numeri.
1115 2229 1155 2238 —
1179 2200 1229 2258 45.

109 2292 206 2373 [ungri
227 2290 372 2371 fortunas
393 2311 488 2370 meae,
517 2297 653 2370 tolerare,
677 2297 714 2356 ol.
737 2298 858 2358 Lucret.
880 2298 934 2372 III,
958 2301 1036 2360 734:
1074 2301 1132 2372 ,Et
1155 2301 1232 2358 melo

107 2401 205 2458 mults
236 2401 349 2458 enimus
378 2405 503 2474 contege
530 2399 666 2473 fungitur
693 2397 787 2460 eius“.
820 2431 856 2440 -
891 2397 999 2463 alleato
1032 2403 1103 2462 olim
1132 2423 1228 2462 emen-

107 2503 221 2560 dutum.
276 2502 418 2560 Allistum
449 2506 494 2560 est
523 2502 606 2561 cibus
634 2502 704 2562 sllio
735 2505 893 2578 conditus,
925 2511 1071 2564 moretum
1101 2506 1162 2577 vel,
1197 2511 1231 2564 ut

109 2609 153 2664 eit
175 2604 311 2664 Donatus
345 2602 383 2664 sd
406 2604 473 2662 Ter.
502 2605 622 2664 Phorm.
645 2605 690 2679 Π,
722 2609 755 2679 2,
780 2609 798 2664 4
832 2608 984 2682 „allietum
1007 2603 1227 2668 moretonium“.

108 2709 224 2767 Allisto
247 2708 331 2784 fungi
354 2709 488 2766 fortunas
511 2727 579 2766 suus
603 2713 648 2766 est
671 2709 777 2767 ellieto
798 2711 910 2783 vivere,
934 2731 989 2769 nec
1011 2730 1085 2788 opus
1109 2716 1154 2770 est
1177 2716 1229 2768 sut

109 2831 178 2870 cum
202 2810 348 2869 Sereceuo
380 2807 552 2884 „ullistnm“
585 2811 716 2869 scribere
747 2818 811 2885 eut,
841 2813 921 2892 quod
948 2813 1087 2872 Gertzius
1114 2814 1228 2886 maluit,

110 2907 283 2988 „ellietes“.
311 2941 353 2953 -
384 2915 434 2972 46.
462 2909 621 2987 patiunda
648 2915 737 2986 susti,
767 2937 794 2974 v.
819 2915 858 2974 ed
880 2916 987 2994 Amph.
1013 2919 1083 2976 279.
1106 2947 1148 2956 —
1177 2918 1227 2976 49.

110 3011 204 3090 Quia,
228 3016 315 3092 quod,
339 3035 367 3074 v.
381 3016 418 3073 ed
432 3017 516 3075 Asin.
531 3018 580 3075 55.
596 3046 640 3056 —
658 3019 707 3076 50.
732 3012 962 3093 bubulo-iterur,
985 3019 1076 3079 boves
1098 3039 1228 3098 poscere.

106 3120 224 3180 Nonius
245 3139 275 3196 p.
295 3121 334 3177 79
361 3117 597 3192 „bubulciterc“,
620 3119 699 3198 quod
722 3139 825 3180 versus
847 3123 971 3200 respuit.
988 3151 1031 3162 -
1054 3125 1103 3182 52.
1127 3122 1229 3182 Cerni·

106 3222 191 3296 fices,
225 3224 339 3298 inquit,
374 3223 404 3280 in
434 3222 524 3280 cribri
552 3222 673 3282 modum
699 3228 815 3298 tergum
843 3230 928 3284 tuum
949 3225 1164 3302 perforabunt,
1198 3231 1229 3284 te

108 3325 239 3383 brachiis
261 3323 397 3402 patibulo
422 3324 574 3382 adstrictis
596 3345 650 3402 per
671 3327 787 3403 pluteos
809 3333 929 3403 agentes
951 3327 1137 3406 stimulisque
1153 3329 1229 3386 lece-

106 3433 218 3487 rsntes.
282 3421 478 3502 carnificium
500 3427 613 3503 Pylas,
643 3427 771 3500 Bitsch,
808 3427 1049 3504 „cornificinum“
1086 3430 1227 3504 Scaliger,

107 3531 222 3589 Csmer.
258 3528 316 3588 Sed
349 3532 447 3589 nescio
481 3550 517 3588 un
553 3548 630 3605 ogre
663 3530 851 3590 desideretur
889 3533 1054 3591 subiectum
1089 3532 1229 3592 infinitivi

110 3629 226 3708 „fors“‚
260 3635 451 3709 numerisque
483 3635 580 3692 minus
614 3617 801 3710 elegentibus
828 3633 952 3693 Plautus
981 3636 1148 3712 scripserit:
1187 3635 1229 3707 ,0

106 3734 277 3795 carnificum
301 3736 440 3808 cribrum,
471 3737 553 3812 quod
576 3736 664 3794 credo
686 3741 716 3793 te
739 3733 832 3796 fore“.
855 3767 897 3776 —
929 3739 977 3796 53.
1005 3732 1228 3812 patibulatum,

107 3843 126 3900 i.
151 3861 177 3898 e.
209 3837 344 3916 patibulo
372 3840 580 3910 constrictum,
614 3845 649 3896 ut
677 3841 720 3897 eit
747 3839 879 3899 Macrob.
909 3839 969 3900 Set.
993 3839 1021 3914 I,
1049 3842 1096 3899 11.
1147 3841 1228 3900 Peti-

106 3943 208 4002 bulum
233 3945 329 3998 sutem
353 3962 370 4000 e
391 3941 536 4019 petendo,
570 3947 605 3999 ut
627 3943 761 4015 videtur,
793 3943 914 4001 ductum
944 3941 1092 4016 significet
1114 3943 1228 4018 lignum

106 4051 175 4123 post
196 4044 335 4102 humeros
354 4049 385 4102 et
402 4045 523 4130 brechio
539 4049 721 4120 porrectum,
746 4065 805 4121 quo
823 4046 948 4119 alligato
966 4045 1088 4103 brachie
1107 4047 1230 4104 immoto

106 4147 303 4218 tenebuntur;
327 4147 396 4206 iude
419 4149 509 4205 etiem
532 4167 647 4204 crucem
670 4146 826 4224 significat,
850 4169 877 4206 v.
897 4148 973 4208 Non.
991 4168 1020 4224 p.
1041 4149 1111 4206 366.
1156 4147 1229 4206 Tele

106 4253 221 4328 lignum
249 4255 404 4328 portantes
434 4252 511 4308 servi
540 4250 778 4309 verberabuntur
807 4256 838 4310 et
867 4250 1040 4310 verberibus
1067 4269 1123 4326 per
1144 4251 1228 4309 urbis

992 4365 1026 4417 20
