2982 5012
304 405 343 468 52
815 397 907 452 Plauti
1255 395 1293 461 V,
1310 397 1335 462 1,
1345 397 1426 448 4-11

662 669 668 680 1
766 587 962 671 Epidicus

304 697 338 763 Si
360 695 509 762 undecim
531 693 610 760 deos
633 699 764 780 praeter
787 715 859 760 sese
883 713 994 758 secum
1018 693 1160 760 adducat
1183 693 1347 777 luppiter,

303 803 355 870 lto
378 825 442 869 non
465 823 576 868 omnes
599 824 639 867 ex
662 803 809 868 cruciatu
832 807 988 885 poterunt
1010 803 1150 866 eximere
1173 799 1368 884 Epidicum.

302 909 518 996 Periphanem
541 931 648 976 emere
670 911 743 976 lora
763 909 848 988 uidi;
871 909 917 974 ibi
940 909 1057 974 aderat
1075 928 1142 973 una
1157 908 1357 991 Apoecides.
1385 924 1434 976 oro

303 1019 396 1083 Nunc
417 1018 566 1084 homines
589 1039 639 1083 me
662 1019 850 1102 quaeritare
874 1016 981 1082 eredo.
1028 1015 1222 1094 Senserunt3
1246 1017 1374 1094 sciunt,
1398 1073 1403 1082 .

303 1125 371 1192 Sibi
395 1126 473 1192 data
496 1146 567 1192 esse
588 1125 702 1192 uerba.

711 1264 1017 1350 Stratippocles

692 1373 778 1452 Quid
800 1375 880 1458 agis,
903 1395 977 1440 mea
999 1373 1223 1440 conmoditas?

766 1517 964 1600 Epidicus
1483 1589 1484 1592 Ἴ

1199 1621 1294 1700 Quod
1322 1623 1437 1691 miser.
1483 1609 1484 1686 l

704 1730 1017 1816 'Stratippocles

306 1839 392 1918 Quid
415 1847 466 1908 est
488 1840 572 1907 tibi?

771 1969 964 2054 Epidicus
1023 2027 1032 2052 ,

607 2077 692 2156 Quin
714 2083 751 2141 tu
772 2076 851 2141 mihi
873 2077 1014 2143 adornas
1036 2077 1079 2142 ad
1101 2077 1213 2158 fugam
1235 2079 1416 2145 uiaticum,

304 2185 501 2268 Priusquam
523 2186 645 2270 pereo?
668 2205 745 2250 nam
767 2205 825 2268 per
847 2185 960 2250 urbem
982 2184 1047 2250 duo
1072 2183 1244 2250 defloccati
1268 2207 1374 2250 senes

305 2293 500 2371 Quaeritant
517 2313 585 2374 me;
608 2294 641 2358 in
659 2293 809 2358 manibus
827 2299 958 2374 gestent
974 2293 1109 2376 copulas
1129 2313 1240 2358 secum
1253 2293 1368 2358 simul.
1388 2309 1436 2362 615

713 2433 1016 2519 Stratippocles

306 2543 398 2608 Habe
421 2543 541 2610 bonum
565 2544 718 2608 animum.
1482 2611 1483 2654 ἰ

769 2671 964 2756 Epidicus

609 2779 750 2856 Quidni?
773 2801 842 2862 ego,
865 2782 941 2862 quoi
964 2781 1098 2846 libertas
1119 2782 1153 2845 in
1176 2781 1303 2845 mundo
1329 2783 1428 2846 sitast.

715 2920 1018 3006 Stratippocles

306 3029 375 3112 Ego
398 3037 430 3096 te
452 3029 621 3094 seruabo.·
729 3095 734 3106 ,

766 3159 966 3243 Epidicus

653 3266 776 3350 Edepol
800 3289 850 3332 me
873 3269 922 3332 illi
945 3267 1069 3344 melius,
1093 3267 1120 3330 si
1142 3267 1257 3330 nancti
1281 3266 1391 3333 fuant.

307 3377 371 3442 Sed
394 3377 467 3458 quis
484 3375 565 3441 haec
583 3381 634 3442 est
650 3375 843 3441 muliercula
864 3384 898 3442 et
919 3376 987 3440 illic
1010 3373 1217 3452 rauastellus‚
1241 3376 1300 3457 qui
1318 3375 1427 3441 uenit?

714 3517 1018 3602 Stratippocles
1342 3582 1346 3590 ,

306 3624 367 3690 Hic
386 3633 436 3690 est
454 3626 596 3704 danista,
615 3626 697 3690 haee
715 3625 774 3726 illa
791 3633 840 3691 est
857 3631 978 3706 autem,
996 3646 1096 3708 quam
1113 3623 1175 3688 emi
1195 3622 1236 3688 de
1254 3627 1396 3706 praeda.

773 3767 965 3852 Epidicus
1241 3835 1242 3840 ,

1227 3865 1428 3942 Haecinest‘!
1481 3923 1482 3928 1

374 4089 426 4143 610
442 4088 618 4160 Periphanem
692 4087 846 4143 aderatibi
863 4089 891 4142 B
968 4089 1018 4141 612
1037 4087 1105 4157 quid
1123 4087 1206 4156 agitis
1224 4088 1250 4142 Δ
1327 4092 1384 4146 613
1400 4091 1427 4144 ecl
1481 4119 1482 4152 p

307 4173 395 4229 omn
439 4175 490 4228 614
503 4181 571 4244 poet
585 4177 638 4230 616
649 4173 752 4241 ροπ.Β
795 4173 930 4234 emisa
982 4173 1204 4228 secnmsiauiB
1255 4175 1309 4228 616
1324 4177 1427 4249 Quippe

186 4251 195 4272 ¹
307 4261 359 4314 618
376 4259 537 4315 ranistellns
555 4258 586 4329 A,
605 4275 706 4328 manas
725 4259 865 4326 tellusque
883 4259 911 4312 B
979 4259 1030 4312 619
1048 4275 1132 4327 quam
1150 4275 1202 4327 ego
1221 4261 1319 4314 emiA
