2982 5012
278 368 316 428 12
789 362 880 416 ruuu
1223 359 1247 430 1,
1260 365 1280 429 r,
1290 363 1379 416 so-es

273 551 443 635 Trepidis,
467 551 616 634 Epidico,
639 551 688 616 ito
710 552 836 618 uoltum
859 559 951 616 tuum

275 661 404 728 Uideer.
450 659 571 726 Uidero
595 661 825 724 commeruisse
849 659 903 724 hio
926 679 978 724 mo
1002 659 1137 725 absente
1160 661 1194 725 in
1215 659 1381 741 teoliquid

708 769 711 779 '
1040 767 1125 832 meli.
1350 783 1378 834 65

736 875 934 959 Epidicus

274 988 371 1054 Potiu
393 993 431 1052 ut
453 983 610 1050 molestus
631 1005 672 1048 ne
695 985 763 1048 sis?

732 1090 934 1176 Thesprio

745 1199 846 1265 Abeo.

737 1306 934 1390 Epidicus

838 1415 956 1496 Adsta;
980 1417 1071 1482 obire
1094 1417 1168 1483 hino
1191 1440 1255 1484 uon
1280 1419 1380 1482 sinum.

737 1523 936 1609 Thesprio

275 1619 470 1713 Quid'nuno
495 1654 547 1697 me
570 1633 716 1698 retines?

738 1741 936 1824 Epidicus

597 1849 736 1916 Amatne
758 1849 866 1929 istam,
890 1871 987 1933 quom
1010 1850 1091 1932 emit
1113 1849 1153 1927 (ie
1175 1849 1320 1934 praedo?

737 1955 935 2041 Thesprio

1267 2062 1383 2147 Rogas?

277 2175 420 2259 Deperit.
640 2255 642 2262 Ι

739 2281 937 2366 Epidicus

451 2391 703 2488 Eiiudetegetur
725 2392 850 2456 eorium
874 2390 914 2456 de
937 2399 1029 2473 tergo
1053 2371 1133 2456 meo.
1169 2445 1186 2484 Ι,

740 2498 938 2583 Thesprio

278 2607 419 2691 Plusque
443 2614 534 2674 emet
557 2629 655 2690 quem
677 2615 710 2672 te
732 2627 887 2689 umquem
911 2610 1045 2672 amauit.

740 2707 938 2799 Epidious
980 2763 983 2772 ,

1027 2823 1175 2907 Iuppiter
1197 2829 1235 2888 te
1254 2815 1381 2906 perduit!

739 2931 936 3016 Thesprio

279 3040 374 3104 Mitte
396 3061 483 3105 nuno
505 3041 569 3104 iam
593 3061 656 3121 me;
679 3060 754 3105 nem
778 3039 833 3105 ille
856 3061 907 3105 me
927 3041 1037 3106 uetuit¹
1060 3038 1193 3104 domum
1216 3039 1336 3114 uenire3
1355 3048 1381 3099 ro
1419 3097 1423 3113 ,

278 3149 330 3213 Iro
352 3147 394 3213 ad
418 3147 649 3213 Chaeribulum
671 3149 768 3215 iussit
789 3148 854 3212 huo
876 3149 909 3213 in
932 3150 1125 3233 proximum.
1170 3147 1221 3212 Ibi
1244 3163 1362 3212 monere

280 3257 386 3335 Iussit,
411 3277 449 3322 oo
473 3263 647 3324 uenturust
668 3259 769 3343 ipsus.
849 3319 858 3334 ,
1314 3271 1318 3278 ’

272 3348 276 3354 ’
741 3366 940 3450 Epidicus

790 3473 875 3552 Quid
899 3473 972 3538 ite?

742 3582 939 3664 Thesprio

996 3687 1119 3754 Dicam.
1165 3687 1251 3774 Quis¹
1273 3689 1381 3772 petrem

280 3800 374 3864 Prius
398 3821 433 3864 se
456 3800 631 3865 conuenire
654 3820 716 3863 non
742 3798 812 3863 uolt
834 3819 940 3882 neque
963 3817 997 3862 se
1015 3779 1247 3882 'conspicarien

281 3907 385 3985 Quam
407 3907 441 3971 id
464 3914 645 3992 argentum,
668 3905 756 3988 quo'd
780 3905 919 3971 debetur
942 3927 1001 3990 pro
1023 3906 1091 3986 illa,
1115 3901 1365 3972 dinumereuerit.

314 4027 428 4037 -«...---.ι.
435 4031 509 4037 d..-

348 4079 452 4132 64-79
472 4077 584 4132 turbato
600 4091 728 4130 uersuum
745 4077 893 4143 descriptio,
912 4093 935 4130 u.
955 4091 1047 4130 comm.
1187 4075 1299 4129 ’64-65
1320 4074 1382 4124 tuum

280 4165 377 4218 uideor
446 4165 480 4217 68
497 4163 532 4216 Ei
550 4177 600 4217 om.
666 4163 700 4214 70
716 4179 764 4214 me
780 4177 828 4214 om.
900 4162 998 4214 70-71
1019 4162 1116 4215 uenire
1135 4150 1178 4214 ed'
1258 4160 1291 4214 73
1309 4163 1382 4220 noque

280 4249 436 4318 conspicari
