2982 5004
262 353 324 474 246
749 397 890 470 Epidicus.

264 619 387 678 samque
413 597 516 672 adeat,
551 597 598 657 cui
626 601 729 656 nostra
754 593 885 654 brevitas
912 602 1017 670 p'arum
1046 595 1203 654 satisfacit.
1259 595 1329 670 Ego
1363 599 1398 654 in

263 702 458 764 Ambrosisuo
470 702 533 760 eius
545 685 720 760 testimonio
733 695 858 758 confisus
870 715 944 770 sum,
952 693 1126 757 Vaticanum
1135 703 1171 756 et
1177 697 1399 757 Britannicum

264 803 302 880 (B
323 809 355 864 et
375 803 400 878 1,
423 823 491 863 nam
512 803 600 863 huius
623 821 742 881 quoquo
759 801 790 858 iu
812 799 1022 858 commentario
1038 799 1189 858 interdum
1207 803 1325 861 mentio
1343 799 1399 874 fis)

265 911 329 988 ipse
351 907 477 980 contuli;
509 905 616 965 borum
645 905 737 982 igitur
758 903 915 979 scripturo
929 901 963 958 'si
985 900 1104 978 quando
1127 902 1207 980 opud
1229 921 1277 962 me
1298 903 1402 962 aliter

266 1029 354 1088 quam
375 1009 456 1088 apud
477 1007 632 1068 Goetzium
655 1005 834 1078 afferuntur,
865 1021 923 1062 uon
945 1003 1061 1062 incuria
1081 1003 1138 1064 boc
1159 1003 1208 1078 lit,
1239 1005 1293 1064 ssd
1319 1009 1401 1084 qnia

267 1133 313 1172 ma
335 1111 424 1171 aliter
444 1110 553 1186 legisse
575 1109 648 1168 mihi
675 1125 848 1187 persuasum
875 1109 928 1164 est.
983 1103 1173 1185 Palimpsesti
1201 1107 1288 1180 solia,
1324 1129 1399 1187 quaa

265 1214 424 1294 Epidicum
452 1213 677 1286 continuerunt,
711 1209 748 1268 de
776 1207 884 1287 quibua
912 1215 1048 1268 accurato
1081 1209 1216 1288 disputat
1243 1209 1399 1271 Gostzins

144 1363 150 1378 .
267 1317 350 1394 praei.
371 1335 402 1393 p.
425 1313 481 1374 Vll
502 1327 582 1393 sqq,
617 1333 670 1374 nec
695 1311 795 1372 omnia
822 1313 942 1370 sumta
968 1317 1037 1371 aunt
1064 1317 1097 1370 st
1123 1317 1234 1400 proter
1256 1317 1400 1391 primun

266 1419 329 1478 iare
344 1417 473 1496 passima
490 1416 603 1476 habita.
637 1413 856 1476 continuerunt
872 1418 971 1472 autem
989 1433 1055 1491 quo
1072 1420 1189 1474 amant
1206 1435 1267 1476 aas.
1283 1419 1397 1476 1-28

267 1515 357 1598 (tua),
382 1520 536 1592 53-115,
563 1519 738 1594 lou—lan,
763 1517 940 1589 tlt-w,
964 1517 1024 1575 445
1048 1537 1141 1594 nsque
1158 1517 1196 1577 ad
1213 1517 1311 1580 linem
1359 1521 1398 1579 Iu

268 1629 433 1682 ceterorum
462 1620 595 1682 codicum
625 1621 787 1699 archetypo
816 1638 906 1697 quum
928 1617 1071 1696 Epidicus
1092 1619 1202 1696 prioris
1225 1620 1398 1682 voluminis

268 1731 431 1786 extremum
453 1724 551 1784 locum
577 1729 693 1784 teneret
721 1719 761 1798 (v.
784 1723 900 1800 Proleg.
923 1741 953 1799 p.
979 1715 1235 1799 152),1ibrsrim
1262 1727 1396 1798 veritus,
1439 1775 1444 1788 .

268 1849 305 1888 ns
328 1827 506 1888 membranae
529 1845 672 1888 concessas
695 1824 870 1898 deficerent,
900 1843 1003 1884 versus
1032 1843 1111 1902 saeps
1133 1827 1213 1885 iusto
1235 1827 1398 1902 longiores

268 1931 356 2002 iecit,
389 1935 424 1990 ut
451 1949 488 1989 ns
516 1929 676 2007 septenarii
704 1928 824 2006 quidem
852 1932 883 1986 et
910 1927 1019 1986 senarii
1049 1933 1185 1988 accurate
1218 1937 1395 1990 serventur.

269 2033 328 2098 ssd
350 2038 382 2093 et
408 2032 578 2092 maiuscula
604 2033 714 2092 littere
740 2029 891 2091 interdum
912 2049 1048 2090 versuum
1070 2031 1157 2089 initia
1177 2030 1314 2093 indicant
1338 2053 1397 2093 nec

269 2137 356 2196 facile
372 2136 404 2195 in
421 2135 499 2196 notia
517 2153 655 2196 vemuum
672 2133 831 2210 generibus
849 2133 978 2193 dubitari
995 2137 1103 2211 potest
1143 2131 1249 2212 Itaque
1266 2154 1395 2212 pravam

270 2257 407 2302 versuum
436 2237 675 2315 discriptionem,
708 2238 739 2298 in
768 2255 827 2314 qua
856 2235 921 2296 eod.
944 2235 1132 2296 Britannicus
1154 2255 1220 2296 cum
1244 2237 1393 2299 Vaticano

271 2343 424 2420 congruit,
457 2341 631 2419 plerumque
659 2359 717 2400 nou
739 2342 770 2398 in
792 2341 937 2400 variehte
958 2341 1112 2417 scriptura
1135 2343 1231 2398 textui
1254 2341 1392 2401 subiecta

271 2445 428 2518 annotavi,
450 2442 503 2503 aad
525 2445 736 2502 commentario
759 2443 920 2516 reservavi;
957 2441 1076 2520 siquid
1100 2442 1209 2516 deaut,
1234 2445 1288 2522 qui
1309 2431 1393 2504 volet

154 2573 157 2580 ·
272 2547 352 2626 apud
372 2547 499 2608 Paraum
520 2545 659 2606 insaniat

356 2855 552 2914 Personarum
574 2853 693 2912 nomina
714 2853 812 2910 omnia
833 2851 936 2912 Gracc
957 2857 1041 2925 sunt,
1070 2853 1214 2931 plersqus
1242 2857 1288 2914 ita
1309 2855 1388 2928 licta,

271 2964 305 3020 ut
327 2977 393 3018 cum
415 2956 512 3016 ironia
538 2955 666 3034 quadam
694 2954 847 3014 bominum
869 2955 989 3030 ingenia
1010 2955 1186 3030 significent.
1219 2951 1388 3033 ,Epidicum
1474 2927 1475 3000 l

272 3063 357 3140 quasi
378 3061 424 3117 ἐπὶ
446 3059 512 3134 disp,
534 3058 758 3134 ἐπιδικαζόμενος,
780 3077 882 3116 servus
900 3057 1069 3136 appellatur
1092 3077 1158 3116 cum
1176 3058 1249 3118 hero
1266 3060 1387 3138 litigans

273 3169 312 3236 et,
336 3181 408 3240 quas
428 3165 492 3240 ipae
510 3162 619 3220 meruit
635 3180 747 3239 poenas,
770 3159 806 3219 ab
831 3174 867 3220 ao
889 3165 1026 3240 repetens
1044 3154 1085 3236 (v.
1100 3157 1187 3234 722).
1231 3162 1266 3220 In
1286 3163 1386 3224 ood.B

272 3267 445 3343 plerumque
469 3259 658 3343 „Epydicns“
682 3263 837 3336 scribitur,
871 3262 952 3341 qnod
980 3262 1073 3348 semel
1092 3262 1226 3324 indicare
1249 3265 1384 3324 sufficiat.

273 3368 354 3428 Idem
389 3371 487 3426 autem
519 3385 626 3425 nomeu
659 3386 696 3425 ox
727 3367 840 3425 incerta
867 3365 971 3425 fabula
1000 3365 1122 3425 affertur
1151 3349 1230 3444 opud
1260 3367 1384 3426 Marium
1473 3407 1474 3446 3

273 3470 457 3530 Victorinum
484 3487 513 3545 p.
538 3466 677 3527 252412.
732 3462 956 3545 &ratppoclea
986 3469 1141 3547 magnifico
1174 3469 1293 3529 nomine
1323 3471 1384 3530 eius

274 3573 403 3649 generis,
426 3571 506 3648 quod
528 3577 738 3630 commemorat
754 3572 969 3650 Aristophanes
985 3571 1062 3632 Nub.
1080 3574 1119 3632 63
1137 3591 1193 3650 sq,
1217 3571 1384 3632 adulescens

161 3675 165 3682 ’
272 3675 391 3748 dicitur,
415 3677 498 3733 cuius
520 3693 555 3732 ea
577 3677 641 3732 erat
662 3675 732 3733 belli
753 3674 859 3752 gloria,
882 3681 918 3734 nt
939 3677 1028 3734 armis
1050 3675 1161 3734 relictis
1179 3673 1291 3734 rediret
1308 3672 1382 3749 (31),

278 3769 492 3850 OllaeribuluS,
514 3777 535 3836 i.
548 3796 574 3836 e.
587 3777 718 3837 consiliis
736 3776 877 3852 gaudeus,
903 3779 1013 3837 amicus
1030 3779 1153 3836 suricum
1171 3777 1237 3836 solo
1253 3777 1380 3851 consilio,
1472 3805 1473 3840 r

273 3901 333 3942 nou
355 3900 388 3939 re
409 3879 551 3939 adiuvans
573 3899 628 3938 nec
650 3879 812 3958 quidquam
834 3880 959 3940 afferens
981 3881 1038 3940 nisi
1060 3879 1139 3958 quod
1157 3879 1273 3957 aliquid
1289 3879 1380 3956 aliquo

273 3982 362 4042 modo
379 3985 533 4042 iuventam
550 3981 589 4039 iri
606 3987 709 4059 sperat
722 3977 822 4060 (332),
842 3977 1042 4059 Periphanes
1065 3983 1085 4042 i.
1103 4002 1129 4042 e.
1146 3982 1281 4058 illustris,
1298 4003 1380 4042 sonex

274 4087 325 4164 qui
347 4083 564 4143 adulescentem
581 4103 612 4143 se
629 4083 776 4161 gloriatur
797 4084 974 4144 militaribus
992 4084 1079 4158 iactis
1096 4085 1202 4144 lamam
1222 4091 1254 4144 at
1270 4085 1380 4145 divino

274 4187 331 4246 sibi
353 4205 475 4263 putasse
499 4181 572 4259 (441
597 4179 688 4264 sqq),
715 4187 819 4264 populi
845 4189 998 4246 annuutiia
1020 4187 1138 4248 laudari
1159 4187 1266 4247 solitus
1286 4181 1377 4264 (516),

274 4287 327 4348 sed
356 4307 460 4365 reapse
487 4287 654 4348 stoliditate
682 4289 822 4368 iusignis;
855 4291 967 4350 amicus
994 4309 1064 4350 vero
1087 4293 1166 4364 aius,
1199 4309 1259 4348 non
1291 4290 1377 4348 miuus
1471 4289 1472 4350 l
