<?xml version="1.0" encoding="UTF-8"?>
<!DOCTYPE html PUBLIC "-//W3C//DTD XHTML 1.0 Transitional//EN"
    "http://www.w3.org/TR/xhtml1/DTD/xhtml1-transitional.dtd">
<html xmlns="http://www.w3.org/1999/xhtml" xml:lang="en" lang="en">
 <head>
  <title>
</title>
<meta http-equiv="Content-Type" content="text/html;charset=utf-8" />
  <meta name='ocr-system' content='tesseract 3.04.00' />
  <meta name='ocr-capabilities' content='ocr_page ocr_carea ocr_par ocr_line ocrx_word'/>
</head>
<body>
  <div class='ocr_page' id='page_1' title='image "./tmacciiplautico03ussigoog_0236.png"; bbox 0 0 2982 5012; ppageno 0'>
   <div class='ocr_carea' id='block_1_1' title="bbox 100 365 742 438">
    <p class='ocr_par' dir='ltr' id='par_1_1' title="bbox 100 365 742 438">
     <span class='ocr_line' id='line_1_1' title="bbox 100 365 742 438; baseline -0.008 -14"><span class='ocrx_word' id='word_1_1' title='bbox 100 368 126 438; x_wconf 89' lang='lat' dir='ltr'>I,</span> <span class='ocrx_word' id='word_1_2' title='bbox 141 374 162 437; x_wconf 88' lang='lat'>1,</span> <span class='ocrx_word' id='word_1_3' title='bbox 172 370 286 424; x_wconf 73' lang='lat'>69-82.</span> <span class='ocrx_word' id='word_1_4' title='bbox 601 365 742 433; x_wconf 81' lang='lat' dir='ltr'>Epidicus.</span> 
     </span>
    </p>
   </div>
   <div class='ocr_carea' id='block_1_2' title="bbox 102 555 1242 4099">
    <p class='ocr_par' dir='ltr' id='par_1_2' title="bbox 102 555 1242 4099">
     <span class='ocr_line' id='line_1_2' title="bbox 575 555 769 639; baseline 0 -19"><span class='ocrx_word' id='word_1_5' title='bbox 575 555 769 639; x_wconf 85' lang='lat' dir='ltr'>Epidicus</span> 
     </span>
     <span class='ocr_line' id='line_1_3' title="bbox 102 663 617 750; baseline -0.006 -19"><span class='ocrx_word' id='word_1_6' title='bbox 102 667 156 731; x_wconf 84' lang='lat' dir='ltr'>Eu</span> <span class='ocrx_word' id='word_1_7' title='bbox 180 666 300 750; x_wconf 81' lang='lat' dir='ltr'>edepol</span> <span class='ocrx_word' id='word_1_8' title='bbox 323 687 375 730; x_wconf 87' lang='lat' dir='ltr'>res</span> <span class='ocrx_word' id='word_1_9' title='bbox 398 663 617 730; x_wconf 83' lang='lat' dir='ltr'>turbulentas!</span> 
     </span>
     <span class='ocr_line' id='line_1_4' title="bbox 573 771 770 857; baseline 0.015 -22"><span class='ocrx_word' id='word_1_10' title='bbox 573 771 770 857; x_wconf 83' lang='lat' dir='ltr'><strong>Thesprio</strong></span> 
     </span>
     <span class='ocr_line' id='line_1_5' title="bbox 460 879 1232 964; baseline 0.005 -20"><span class='ocrx_word' id='word_1_11' title='bbox 460 955 464 964; x_wconf 42' lang='lat'>,</span> <span class='ocrx_word' id='word_1_12' title='bbox 636 879 731 944; x_wconf 86' lang='lat' dir='ltr'>Mitte</span> <span class='ocrx_word' id='word_1_13' title='bbox 755 901 815 960; x_wconf 87' lang='lat' dir='ltr'>me,</span> <span class='ocrx_word' id='word_1_14' title='bbox 838 887 876 946; x_wconf 90' lang='lat' dir='ltr'>ut</span> <span class='ocrx_word' id='word_1_15' title='bbox 898 901 971 946; x_wconf 85' lang='lat' dir='ltr'>eam</span> <span class='ocrx_word' id='word_1_16' title='bbox 993 883 1232 950; x_wconf 68' lang='lat' dir='ltr'>nunciamus</span> 
     </span>
     <span class='ocr_line' id='line_1_6' title="bbox 572 987 771 1070; baseline 0 -18"><span class='ocrx_word' id='word_1_17' title='bbox 572 987 771 1070; x_wconf 76' lang='lat' dir='ltr'>Epidicus</span> 
     </span>
     <span class='ocr_line' id='line_1_7' title="bbox 316 1095 792 1176; baseline -0.004 -14"><span class='ocrx_word' id='word_1_18' title='bbox 316 1097 460 1162; x_wconf 81' lang='lat' dir='ltr'>Haecine</span> <span class='ocrx_word' id='word_1_19' title='bbox 484 1096 540 1162; x_wconf 92' lang='lat' dir='ltr'>ubi</span> <span class='ocrx_word' id='word_1_20' title='bbox 564 1095 663 1160; x_wconf 88' lang='lat' dir='ltr'>seibit</span> <span class='ocrx_word' id='word_1_21' title='bbox 684 1117 792 1176; x_wconf 84' lang='lat' dir='ltr'>senex,</span> 
     </span>
     <span class='ocr_line' id='line_1_8' title="bbox 316 1204 807 1290; baseline -0.006 -20"><span class='ocrx_word' id='word_1_22' title='bbox 316 1205 439 1290; x_wconf 89' lang='lat' dir='ltr'>Puppis</span> <span class='ocrx_word' id='word_1_23' title='bbox 462 1204 663 1289; x_wconf 80' lang='lat' dir='ltr'>pereundast</span> <span class='ocrx_word' id='word_1_24' title='bbox 684 1204 807 1286; x_wconf 78' lang='lat' dir='ltr'>probe?</span> 
     </span>
     <span class='ocr_line' id='line_1_9' title="bbox 572 1291 832 1400; baseline 0.012 -25"><span class='ocrx_word' id='word_1_25' title='bbox 572 1291 832 1400; x_wconf 49' lang='lat' dir='ltr'>mew&#39;</span> 
     </span>
     <span class='ocr_line' id='line_1_10' title="bbox 317 1421 822 1498; baseline -0.004 -12"><span class='ocrx_word' id='word_1_26' title='bbox 317 1421 401 1498; x_wconf 87' lang='lat' dir='ltr'>Quid</span> <span class='ocrx_word' id='word_1_27' title='bbox 424 1422 509 1486; x_wconf 84' lang='lat' dir='ltr'>istuc</span> <span class='ocrx_word' id='word_1_28' title='bbox 532 1421 573 1492; x_wconf 85' lang='lat' dir='ltr'>ad</span> <span class='ocrx_word' id='word_1_29' title='bbox 597 1422 672 1484; x_wconf 80' lang='lat' dir='ltr'>med</span> <span class='ocrx_word' id='word_1_30' title='bbox 693 1422 822 1498; x_wconf 79' lang='lat' dir='ltr'>attinet,</span> 
     </span>
     <span class='ocr_line' id='line_1_11' title="bbox 219 1522 759 1606; baseline 0.002 -13"><span class='ocrx_word' id='word_1_31' title='bbox 219 1599 221 1604; x_wconf 52' lang='grc'><strong>,</strong></span> <span class='ocrx_word' id='word_1_32' title='bbox 318 1529 388 1606; x_wconf 81' lang='lat' dir='ltr'>Quo</span> <span class='ocrx_word' id='word_1_33' title='bbox 412 1536 449 1594; x_wconf 87' lang='lat' dir='ltr'>tu</span> <span class='ocrx_word' id='word_1_34' title='bbox 472 1522 759 1596; x_wconf 78' lang='lat' dir='ltr'>intereaa&#39;modo?</span> 
     </span>
     <span class='ocr_line' id='line_1_12' title="bbox 387 1635 772 1728; baseline 0.008 -29"><span class='ocrx_word' id='word_1_35' title='bbox 387 1707 395 1728; x_wconf 43' lang='grc' dir='ltr'><strong><em>Ι</em></strong></span> <span class='ocrx_word' id='word_1_36' title='bbox 575 1635 772 1720; x_wconf 84' lang='lat' dir='ltr'>Epidicus</span> 
     </span>
     <span class='ocr_line' id='line_1_13' title="bbox 104 1744 1236 1830; baseline -0.004 -18"><span class='ocrx_word' id='word_1_37' title='bbox 104 1747 194 1824; x_wconf 85' lang='lat' dir='ltr'>Quia</span> <span class='ocrx_word' id='word_1_38' title='bbox 217 1747 323 1830; x_wconf 86' lang='lat' dir='ltr'>perire</span> <span class='ocrx_word' id='word_1_39' title='bbox 347 1744 552 1823; x_wconf 81' lang='lat' dir='ltr'>solusn0103</span> <span class='ocrx_word' id='word_1_40' title='bbox 576 1751 609 1809; x_wconf 90' lang='lat' dir='ltr'>te</span> <span class='ocrx_word' id='word_1_41' title='bbox 632 1745 727 1829; x_wconf 84' lang='lat' dir='ltr'>cupio</span> <span class='ocrx_word' id='word_1_42' title='bbox 750 1747 857 1830; x_wconf 88' lang='lat' dir='ltr'>perire</span> <span class='ocrx_word' id='word_1_43' title='bbox 881 1765 1024 1818; x_wconf 88' lang='lat' dir='ltr'>meonm;</span> <span class='ocrx_word' id='word_1_44' title='bbox 1201 1763 1236 1815; x_wconf 78' lang='lat' dir='ltr'>so</span> 
     </span>
     <span class='ocr_line' id='line_1_14' title="bbox 102 1851 650 1922; baseline -0.007 -2"><span class='ocrx_word' id='word_1_45' title='bbox 102 1854 314 1922; x_wconf 86' lang='lat' dir='ltr'>Beueuolens</span> <span class='ocrx_word' id='word_1_46' title='bbox 337 1874 409 1918; x_wconf 87' lang='lat' dir='ltr'>sum</span> <span class='ocrx_word' id='word_1_47' title='bbox 432 1851 650 1918; x_wconf 87' lang='lat' dir='ltr'>beneuolenti.</span> 
     </span>
     <span class='ocr_line' id='line_1_15' title="bbox 574 1960 773 2046; baseline 0.01 -22"><span class='ocrx_word' id='word_1_48' title='bbox 574 1960 773 2046; x_wconf 82' lang='lat' dir='ltr'>Thesprio</span> 
     </span>
     <span class='ocr_line' id='line_1_16' title="bbox 436 2068 1235 2134; baseline -0.001 -1"><span class='ocrx_word' id='word_1_49' title='bbox 436 2091 441 2102; x_wconf 89' lang='lat'>·</span> <span class='ocrx_word' id='word_1_50' title='bbox 557 2068 619 2133; x_wconf 79' lang='lat' dir='ltr'>Abi</span> <span class='ocrx_word' id='word_1_51' title='bbox 642 2070 675 2134; x_wconf 92' lang='lat' dir='ltr'>in</span> <span class='ocrx_word' id='word_1_52' title='bbox 698 2069 819 2134; x_wconf 90' lang='lat' dir='ltr'><strong>malam</strong></span> <span class='ocrx_word' id='word_1_53' title='bbox 841 2089 910 2134; x_wconf 87' lang='lat' dir='ltr'>rem</span> <span class='ocrx_word' id='word_1_54' title='bbox 933 2087 1119 2133; x_wconf 81' lang='lat' dir='ltr'><strong>maxumam</strong></span> <span class='ocrx_word' id='word_1_55' title='bbox 1142 2090 1162 2134; x_wconf 89' lang='lat' dir='ltr'><strong>a</strong></span> <span class='ocrx_word' id='word_1_56' title='bbox 1185 2090 1235 2132; x_wconf 83' lang='lat' dir='ltr'>me</span> 
     </span>
     <span class='ocr_line' id='line_1_17' title="bbox 108 2177 528 2246; baseline -0.01 0"><span class='ocrx_word' id='word_1_57' title='bbox 108 2180 194 2246; x_wconf 88' lang='lat' dir='ltr'>Cum</span> <span class='ocrx_word' id='word_1_58' title='bbox 218 2181 304 2244; x_wconf 85' lang='lat' dir='ltr'>istae</span> <span class='ocrx_word' id='word_1_59' title='bbox 327 2177 528 2243; x_wconf 78' lang='lat' dir='ltr'>condicione.</span> 
     </span>
     <span class='ocr_line' id='line_1_18' title="bbox 576 2285 773 2368; baseline 0 -18"><span class='ocrx_word' id='word_1_60' title='bbox 576 2285 773 2368; x_wconf 85' lang='lat' dir='ltr'>Epidicus</span> 
     </span>
     <span class='ocr_line' id='line_1_19' title="bbox 561 2392 1191 2477; baseline -0.002 -20"><span class='ocrx_word' id='word_1_61' title='bbox 561 2393 578 2456; x_wconf 90' lang='lat'><strong>1</strong></span> <span class='ocrx_word' id='word_1_62' title='bbox 601 2414 688 2472; x_wconf 88' lang='lat' dir='ltr'>sane,</span> <span class='ocrx_word' id='word_1_63' title='bbox 713 2395 740 2458; x_wconf 91' lang='lat' dir='ltr'>si</span> <span class='ocrx_word' id='word_1_64' title='bbox 764 2393 896 2477; x_wconf 90' lang='lat' dir='ltr'>quidem</span> <span class='ocrx_word' id='word_1_65' title='bbox 918 2393 1057 2458; x_wconf 85' lang='lat' dir='ltr'>festinas</span> <span class='ocrx_word' id='word_1_66' title='bbox 1080 2392 1191 2476; x_wconf 86' lang='lat' dir='ltr'>magis.</span> 
     </span>
     <span class='ocr_line' id='line_1_20' title="bbox 575 2500 776 2584; baseline 0.01 -19"><span class='ocrx_word' id='word_1_67' title='bbox 575 2500 776 2584; x_wconf 85' lang='lat' dir='ltr'>Thesprio</span> 
     </span>
     <span class='ocr_line' id='line_1_21' title="bbox 107 2608 1236 2694; baseline -0.002 -18"><span class='ocrx_word' id='word_1_68' title='bbox 107 2612 298 2694; x_wconf 79' lang='lat' dir='ltr'><strong>Numquam</strong></span> <span class='ocrx_word' id='word_1_69' title='bbox 321 2610 485 2677; x_wconf 88' lang='lat' dir='ltr'>hominem</span> <span class='ocrx_word' id='word_1_70' title='bbox 508 2629 707 2694; x_wconf 88' lang='lat' dir='ltr'><strong>quemquam</strong></span> <span class='ocrx_word' id='word_1_71' title='bbox 730 2610 883 2690; x_wconf 90' lang='lat' dir='ltr'>oonueni,</span> <span class='ocrx_word' id='word_1_72' title='bbox 913 2608 999 2673; x_wconf 91' lang='lat' dir='ltr'>unde</span> <span class='ocrx_word' id='word_1_73' title='bbox 1029 2608 1167 2674; x_wconf 85' lang='lat' dir='ltr'>abierim</span> <span class='ocrx_word' id='word_1_74' title='bbox 1190 2611 1236 2674; x_wconf 94' lang='lat' dir='ltr'>lu·</span> 
     </span>
     <span class='ocr_line' id='line_1_22' title="bbox 885 2717 1026 2782; baseline -0.014 0"><span class='ocrx_word' id='word_1_75' title='bbox 885 2717 1026 2782; x_wconf 89' lang='lat' dir='ltr'>bentius.</span> 
     </span>
     <span class='ocr_line' id='line_1_23' title="bbox 581 2825 777 2910; baseline 0.005 -20"><span class='ocrx_word' id='word_1_76' title='bbox 581 2825 777 2910; x_wconf 85' lang='lat' dir='ltr'>Epidicus</span> 
     </span>
     <span class='ocr_line' id='line_1_24' title="bbox 108 2933 1237 3014; baseline -0.003 -14"><span class='ocrx_word' id='word_1_77' title='bbox 108 2935 182 3002; x_wconf 84' lang='lat' dir='ltr'>Illic</span> <span class='ocrx_word' id='word_1_78' title='bbox 207 2935 286 3000; x_wconf 90' lang='lat' dir='ltr'>hino</span> <span class='ocrx_word' id='word_1_79' title='bbox 309 2934 407 3014; x_wconf 82' lang='lat' dir='ltr'>abiit3</span> <span class='ocrx_word' id='word_1_80' title='bbox 437 2934 527 3000; x_wconf 87' lang='lat' dir='ltr'>solus</span> <span class='ocrx_word' id='word_1_81' title='bbox 551 2955 586 2998; x_wconf 91' lang='lat' dir='ltr'>es</span> <span class='ocrx_word' id='word_1_82' title='bbox 608 2955 704 3000; x_wconf 53' lang='lat' dir='ltr'>nune,</span> <span class='ocrx_word' id='word_1_83' title='bbox 755 2933 826 3011; x_wconf 85' lang='lat' dir='ltr'>Quo</span> <span class='ocrx_word' id='word_1_84' title='bbox 854 2935 888 2998; x_wconf 92' lang='lat' dir='ltr'>in</span> <span class='ocrx_word' id='word_1_85' title='bbox 910 2933 984 2999; x_wconf 84' lang='lat' dir='ltr'>loco</span> <span class='ocrx_word' id='word_1_86' title='bbox 1007 2933 1088 2998; x_wconf 84' lang='lat' dir='ltr'>haec</span> <span class='ocrx_word' id='word_1_87' title='bbox 1110 2955 1162 2999; x_wconf 90' lang='lat' dir='ltr'>res</span> <span class='ocrx_word' id='word_1_88' title='bbox 1186 2936 1237 3014; x_wconf 86' lang='lat' dir='ltr'>sit,</span> 
     </span>
     <span class='ocr_line' id='line_1_25' title="bbox 883 3041 986 3121; baseline 0.01 -16"><span class='ocrx_word' id='word_1_89' title='bbox 883 3041 986 3121; x_wconf 89' lang='lat' dir='ltr'>uides,</span> 
     </span>
     <span class='ocr_line' id='line_1_26' title="bbox 110 3149 1239 3235; baseline 0.004 -20"><span class='ocrx_word' id='word_1_90' title='bbox 110 3151 260 3234; x_wconf 85' lang='lat' dir='ltr'>Epidioe.</span> <span class='ocrx_word' id='word_1_91' title='bbox 305 3150 376 3216; x_wconf 88' lang='lat' dir='ltr'>Nisi</span> <span class='ocrx_word' id='word_1_92' title='bbox 400 3149 479 3235; x_wconf 90' lang='lat' dir='ltr'>quid</span> <span class='ocrx_word' id='word_1_93' title='bbox 502 3149 563 3215; x_wconf 92' lang='lat' dir='ltr'>tibi</span> <span class='ocrx_word' id='word_1_94' title='bbox 586 3150 620 3215; x_wconf 92' lang='lat' dir='ltr'>in</span> <span class='ocrx_word' id='word_1_95' title='bbox 642 3155 710 3215; x_wconf 88' lang='lat' dir='ltr'>tete</span> <span class='ocrx_word' id='word_1_96' title='bbox 733 3149 876 3230; x_wconf 82' lang='lat' dir='ltr'>auxilist,</span> <span class='ocrx_word' id='word_1_97' title='bbox 900 3149 1095 3233; x_wconf 84' lang='lat' dir='ltr'>absumptus</span> <span class='ocrx_word' id='word_1_98' title='bbox 1118 3171 1162 3216; x_wconf 89' lang='lat' dir='ltr'>es.</span> <span class='ocrx_word' id='word_1_99' title='bbox 1206 3167 1239 3219; x_wconf 81' lang='lat'>85</span> 
     </span>
     <span class='ocr_line' id='line_1_27' title="bbox 110 3256 1136 3342; baseline 0 -20"><span class='ocrx_word' id='word_1_100' title='bbox 110 3258 238 3324; x_wconf 79' lang='lat' dir='ltr'>&#39;santae</span> <span class='ocrx_word' id='word_1_101' title='bbox 264 3259 296 3322; x_wconf 93' lang='lat' dir='ltr'>in</span> <span class='ocrx_word' id='word_1_102' title='bbox 321 3263 353 3322; x_wconf 88' lang='lat' dir='ltr'>te</span> <span class='ocrx_word' id='word_1_103' title='bbox 375 3257 556 3342; x_wconf 90' lang='lat' dir='ltr'>inpendent</span> <span class='ocrx_word' id='word_1_104' title='bbox 578 3259 709 3323; x_wconf 85' lang='lat' dir='ltr'>ruinae:</span> <span class='ocrx_word' id='word_1_105' title='bbox 732 3257 796 3322; x_wconf 86' lang='lat' dir='ltr'>nisi</span> <span class='ocrx_word' id='word_1_106' title='bbox 819 3256 967 3324; x_wconf 87' lang='lat' dir='ltr'>snffulois</span> <span class='ocrx_word' id='word_1_107' title='bbox 991 3257 1136 3336; x_wconf 86' lang='lat' dir='ltr'>firmiter,</span> 
     </span>
     <span class='ocr_line' id='line_1_28' title="bbox 112 3366 1189 3452; baseline 0.002 -22"><span class='ocrx_word' id='word_1_108' title='bbox 112 3366 186 3432; x_wconf 85' lang='lat' dir='ltr'>Nou</span> <span class='ocrx_word' id='word_1_109' title='bbox 211 3375 309 3452; x_wconf 87' lang='lat' dir='ltr'>potos</span> <span class='ocrx_word' id='word_1_110' title='bbox 333 3367 530 3448; x_wconf 81' lang='lat' dir='ltr'>subsistere3</span> <span class='ocrx_word' id='word_1_111' title='bbox 553 3367 667 3450; x_wconf 86' lang='lat' dir='ltr'>itaque</span> <span class='ocrx_word' id='word_1_112' title='bbox 689 3366 723 3431; x_wconf 92' lang='lat' dir='ltr'>in</span> <span class='ocrx_word' id='word_1_113' title='bbox 745 3371 778 3430; x_wconf 89' lang='lat' dir='ltr'>te</span> <span class='ocrx_word' id='word_1_114' title='bbox 800 3367 929 3431; x_wconf 87' lang='lat' dir='ltr'>irruunt</span> <span class='ocrx_word' id='word_1_115' title='bbox 951 3374 1078 3433; x_wconf 87' lang='lat' dir='ltr'>montes</span> <span class='ocrx_word' id='word_1_116' title='bbox 1102 3366 1189 3432; x_wconf 84' lang='lat' dir='ltr'>meli.</span> 
     </span>
     <span class='ocr_line' id='line_1_29' title="bbox 185 3473 870 3559; baseline 0.001 -21"><span class='ocrx_word' id='word_1_117' title='bbox 185 3551 188 3556; x_wconf 20' lang='lat'>¹</span> <span class='ocrx_word' id='word_1_118' title='bbox 362 3475 487 3559; x_wconf 86' lang='lat' dir='ltr'>Neque,</span> <span class='ocrx_word' id='word_1_119' title='bbox 515 3493 575 3557; x_wconf 82' lang='lat' dir='ltr'>ego</span> <span class='ocrx_word' id='word_1_120' title='bbox 597 3495 683 3542; x_wconf 85' lang='lat' dir='ltr'>nuno</span> <span class='ocrx_word' id='word_1_121' title='bbox 705 3473 870 3556; x_wconf 91' lang='lat' dir='ltr'>quomodo</span> 
     </span>
     <span class='ocr_line' id='line_1_30' title="bbox 113 3580 1101 3667; baseline 0 -21"><span class='ocrx_word' id='word_1_122' title='bbox 113 3581 165 3646; x_wconf 90' lang='lat' dir='ltr'>Me</span> <span class='ocrx_word' id='word_1_123' title='bbox 188 3583 378 3667; x_wconf 89' lang='lat' dir='ltr'>expeditum</span> <span class='ocrx_word' id='word_1_124' title='bbox 401 3605 440 3647; x_wconf 88' lang='lat' dir='ltr'>ex</span> <span class='ocrx_word' id='word_1_125' title='bbox 464 3582 611 3665; x_wconf 87' lang='lat' dir='ltr'>inpedito</span> <span class='ocrx_word' id='word_1_126' title='bbox 634 3580 761 3661; x_wconf 84' lang='lat' dir='ltr'>faeiem,</span> <span class='ocrx_word' id='word_1_127' title='bbox 787 3583 959 3649; x_wconf 85' lang='lat' dir='ltr'>eonsilium</span> <span class='ocrx_word' id='word_1_128' title='bbox 983 3583 1101 3666; x_wconf 83' lang='lat' dir='ltr'>placet.</span> 
     </span>
     <span class='ocr_line' id='line_1_31' title="bbox 275 3690 1242 3775; baseline 0.005 -20"><span class='ocrx_word' id='word_1_129' title='bbox 275 3695 280 3706; x_wconf 93' lang='lat'>&#39;</span> <span class='ocrx_word' id='word_1_130' title='bbox 364 3690 433 3773; x_wconf 85' lang='lat' dir='ltr'>Ego</span> <span class='ocrx_word' id='word_1_131' title='bbox 456 3692 560 3756; x_wconf 91' lang='lat' dir='ltr'>miser</span> <span class='ocrx_word' id='word_1_132' title='bbox 582 3690 712 3775; x_wconf 90' lang='lat' dir='ltr'>perpuli</span> <span class='ocrx_word' id='word_1_133' title='bbox 1208 3707 1242 3760; x_wconf 87' lang='lat'>90</span> 
     </span>
     <span class='ocr_line' id='line_1_32' title="bbox 116 3785 1166 3878; baseline 0.001 -17"><span class='ocrx_word' id='word_1_134' title='bbox 116 3797 196 3864; x_wconf 85' lang='lat' dir='ltr'>Meis</span> <span class='ocrx_word' id='word_1_135' title='bbox 220 3798 306 3864; x_wconf 88' lang='lat' dir='ltr'>dolis</span> <span class='ocrx_word' id='word_1_136' title='bbox 331 3785 449 3878; x_wconf 74' lang='lat' dir='ltr'>se&#39;nem,</span> <span class='ocrx_word' id='word_1_137' title='bbox 472 3805 511 3863; x_wconf 91' lang='lat' dir='ltr'>ut</span> <span class='ocrx_word' id='word_1_138' title='bbox 535 3805 692 3878; x_wconf 87' lang='lat' dir='ltr'>censeret,</span> <span class='ocrx_word' id='word_1_139' title='bbox 716 3819 808 3864; x_wconf 87' lang='lat' dir='ltr'>suam</span> <span class='ocrx_word' id='word_1_140' title='bbox 831 3819 903 3864; x_wconf 87' lang='lat' dir='ltr'>seso</span> <span class='ocrx_word' id='word_1_141' title='bbox 927 3819 1033 3864; x_wconf 87' lang='lat' dir='ltr'>emere</span> <span class='ocrx_word' id='word_1_142' title='bbox 1056 3798 1166 3864; x_wconf 86' lang='lat' dir='ltr'><strong>filiam.</strong></span> 
     </span>
     <span class='ocr_line' id='line_1_33' title="bbox 363 3904 684 3971; baseline 0 0"><span class='ocrx_word' id='word_1_143' title='bbox 363 3906 396 3971; x_wconf 92' lang='lat' dir='ltr'>ls</span> <span class='ocrx_word' id='word_1_144' title='bbox 420 3927 479 3971; x_wconf 83' lang='lat' dir='ltr'>suo</span> <span class='ocrx_word' id='word_1_145' title='bbox 502 3904 573 3971; x_wconf 92' lang='lat' dir='ltr'>filio</span> <span class='ocrx_word' id='word_1_146' title='bbox 682 3957 684 3962; x_wconf 89' lang='lat'><em>.</em></span> 
     </span>
     <span class='ocr_line' id='line_1_34' title="bbox 116 4011 1241 4099; baseline 0.001 -24"><span class='ocrx_word' id='word_1_147' title='bbox 116 4011 297 4081; x_wconf 85' lang='lat' dir='ltr'>Fidicinam</span> <span class='ocrx_word' id='word_1_148' title='bbox 320 4015 407 4094; x_wconf 90' lang='lat' dir='ltr'>emit,</span> <span class='ocrx_word' id='word_1_149' title='bbox 430 4035 527 4098; x_wconf 87' lang='lat' dir='ltr'><strong>quam</strong></span> <span class='ocrx_word' id='word_1_150' title='bbox 547 4014 618 4099; x_wconf 87' lang='lat' dir='ltr'>ipse</span> <span class='ocrx_word' id='word_1_151' title='bbox 638 4015 813 4080; x_wconf 85' lang='lat' dir='ltr'>emundam</span> <span class='ocrx_word' id='word_1_152' title='bbox 829 4015 945 4082; x_wconf 87' lang='lat' dir='ltr'>abiens</span> <span class='ocrx_word' id='word_1_153' title='bbox 963 4015 1133 4080; x_wconf 84' lang='lat' dir='ltr'>mandauit</span> <span class='ocrx_word' id='word_1_154' title='bbox 1152 4013 1241 4078; x_wconf 88' lang='lat' dir='ltr'>mihi.</span> 
     </span>
    </p>
   </div>
   <div class='ocr_carea' id='block_1_3' title="bbox 121 4121 323 4132">
    <p class='ocr_par' dir='ltr' id='par_1_3' title="bbox 121 4121 323 4132">
     <span class='ocr_line' id='line_1_35' title="bbox 121 4121 323 4132; baseline 0.01 -2"><span class='ocrx_word' id='word_1_155' title='bbox 121 4121 323 4132; x_wconf 74' lang='lat'>——-.-.......</span> 
     </span>
    </p>
   </div>
   <div class='ocr_carea' id='block_1_4' title="bbox 120 4125 1242 4316">
    <p class='ocr_par' dir='ltr' id='par_1_4' title="bbox 120 4125 1242 4316">
     <span class='ocr_line' id='line_1_36' title="bbox 183 4125 1242 4230; baseline 0 -17"><span class='ocrx_word' id='word_1_156' title='bbox 183 4163 217 4213; x_wconf 83' lang='grc'>78</span> <span class='ocrx_word' id='word_1_157' title='bbox 235 4177 283 4214; x_wconf 89' lang='lat' dir='ltr'>me</span> <span class='ocrx_word' id='word_1_158' title='bbox 329 4125 344 4131; x_wconf 84' lang='lat'>--</span> <span class='ocrx_word' id='word_1_159' title='bbox 358 4163 389 4214; x_wconf 85' lang='lat'>81</span> <span class='ocrx_word' id='word_1_160' title='bbox 410 4179 474 4214; x_wconf 88' lang='lat' dir='ltr'>enm</span> <span class='ocrx_word' id='word_1_161' title='bbox 494 4161 680 4216; x_wconf 88' lang='lat' dir='ltr'>beneuolente</span> <span class='ocrx_word' id='word_1_162' title='bbox 763 4164 797 4216; x_wconf 82' lang='lat'>82</span> <span class='ocrx_word' id='word_1_163' title='bbox 815 4162 882 4230; x_wconf 91' lang='lat' dir='ltr'>quid</span> <span class='ocrx_word' id='word_1_164' title='bbox 900 4163 928 4216; x_wconf 92' lang='lat' dir='ltr'><em>B</em></span> <span class='ocrx_word' id='word_1_165' title='bbox 1006 4161 1242 4216; x_wconf 63' lang='lat' dir='ltr'>solimannum</span> 
     </span>
     <span class='ocr_line' id='line_1_37' title="bbox 120 4243 1057 4316; baseline 0.002 -20"><span class='ocrx_word' id='word_1_166' title='bbox 120 4243 291 4315; x_wconf 68' lang='lat' dir='ltr'>diamnptione</span> <span class='ocrx_word' id='word_1_167' title='bbox 308 4262 332 4300; x_wconf 82' lang='lat' dir='ltr'>o.</span> <span class='ocrx_word' id='word_1_168' title='bbox 353 4261 443 4301; x_wconf 81' lang='lat' dir='ltr'><strong>comm.</strong></span> <span class='ocrx_word' id='word_1_169' title='bbox 518 4249 551 4302; x_wconf 79' lang='lat'>93</span> <span class='ocrx_word' id='word_1_170' title='bbox 570 4265 653 4315; x_wconf 88' lang='lat' dir='ltr'><strong>quam</strong></span> <span class='ocrx_word' id='word_1_171' title='bbox 672 4248 732 4316; x_wconf 84' lang='lat' dir='ltr'>ipse</span> <span class='ocrx_word' id='word_1_172' title='bbox 750 4255 826 4301; x_wconf 82' lang='lat' dir='ltr'><strong>amat·</strong></span> <span class='ocrx_word' id='word_1_173' title='bbox 844 4265 925 4316; x_wconf 85' lang='lat' dir='ltr'><strong>quam</strong></span> <span class='ocrx_word' id='word_1_174' title='bbox 945 4248 1057 4302; x_wconf 76' lang='lat' dir='ltr'>abiens.</span> 
     </span>
    </p>
   </div>
   <div class='ocr_carea' id='block_1_5' title="bbox 0 0 1522 5012">
    <p class='ocr_par' dir='ltr' id='par_1_5' title="bbox 0 0 1522 5012">
     <span class='ocr_line' id='line_1_38' title="bbox 0 0 1522 5012; baseline 0 0"><span class='ocrx_word' id='word_1_175' title='bbox 0 0 1522 5012; x_wconf 95' lang='lat' dir='ltr'> </span> 
     </span>
    </p>
   </div>
  </div>
 </body>
</html>
