<?xml version="1.0" encoding="UTF-8"?>
<!DOCTYPE html PUBLIC "-//W3C//DTD XHTML 1.0 Transitional//EN"
    "http://www.w3.org/TR/xhtml1/DTD/xhtml1-transitional.dtd">
<html xmlns="http://www.w3.org/1999/xhtml" xml:lang="en" lang="en">
 <head>
  <title>
</title>
<meta http-equiv="Content-Type" content="text/html;charset=utf-8" />
  <meta name='ocr-system' content='tesseract 3.04.00' />
  <meta name='ocr-capabilities' content='ocr_page ocr_carea ocr_par ocr_line ocrx_word'/>
</head>
<body>
  <div class='ocr_page' id='page_1' title='image "./tmacciiplautico03ussigoog_0176.png"; bbox 0 0 2976 5018; ppageno 0'>
   <div class='ocr_carea' id='block_1_1' title="bbox 555 387 1215 460">
    <p class='ocr_par' dir='ltr' id='par_1_1' title="bbox 555 387 1215 460">
     <span class='ocr_line' id='line_1_1' title="bbox 555 387 1215 460; baseline -0.011 -16"><span class='ocrx_word' id='word_1_1' title='bbox 555 387 587 444; x_wconf 86' lang='lat' dir='ltr'><strong>V.</strong></span> <span class='ocrx_word' id='word_1_2' title='bbox 605 390 751 446; x_wconf 88' lang='grc'><strong>810-869.</strong></span> <span class='ocrx_word' id='word_1_3' title='bbox 1154 397 1215 460; x_wconf 74' lang='grc' dir='ltr'><strong>Ῑ65</strong></span> 
     </span>
    </p>
   </div>
   <div class='ocr_carea' id='block_1_2' title="bbox 87 581 1220 4237">
    <p class='ocr_par' dir='ltr' id='par_1_2' title="bbox 87 581 1213 762">
     <span class='ocr_line' id='line_1_2' title="bbox 87 581 1213 666; baseline 0.004 -27"><span class='ocrx_word' id='word_1_4' title='bbox 87 581 214 641; x_wconf 86' lang='lat' dir='ltr'><strong>indicari</strong></span> <span class='ocrx_word' id='word_1_5' title='bbox 230 584 363 662; x_wconf 89' lang='lat' dir='ltr'><strong>possint;</strong></span> <span class='ocrx_word' id='word_1_6' title='bbox 387 583 441 642; x_wconf 90' lang='lat' dir='ltr'><strong>sed</strong></span> <span class='ocrx_word' id='word_1_7' title='bbox 452 583 545 658; x_wconf 84' lang='lat' dir='ltr'><strong>exiis,</strong></span> <span class='ocrx_word' id='word_1_8' title='bbox 566 602 631 661; x_wconf 82' lang='lat' dir='ltr'><strong>qua</strong></span> <span class='ocrx_word' id='word_1_9' title='bbox 649 589 769 644; x_wconf 87' lang='lat' dir='ltr'><strong>servata</strong></span> <span class='ocrx_word' id='word_1_10' title='bbox 787 589 866 657; x_wconf 90' lang='lat' dir='ltr'><strong>sunt,</strong></span> <span class='ocrx_word' id='word_1_11' title='bbox 885 583 1019 644; x_wconf 88' lang='lat' dir='ltr'><strong>dubitari</strong></span> <span class='ocrx_word' id='word_1_12' title='bbox 1036 587 1086 646; x_wconf 81' lang='lat' dir='ltr'><strong>vix</strong></span> <span class='ocrx_word' id='word_1_13' title='bbox 1103 590 1213 666; x_wconf 87' lang='lat' dir='ltr'><strong>potest,</strong></span> 
     </span>
     <span class='ocr_line' id='line_1_3' title="bbox 87 685 684 762; baseline 0.005 -21"><span class='ocrx_word' id='word_1_14' title='bbox 87 686 158 760; x_wconf 90' lang='lat' dir='ltr'><strong>quin</strong></span> <span class='ocrx_word' id='word_1_15' title='bbox 180 689 247 743; x_wconf 92' lang='lat' dir='ltr'><strong>tota</strong></span> <span class='ocrx_word' id='word_1_16' title='bbox 269 705 359 744; x_wconf 90' lang='lat' dir='ltr'><strong>scena</strong></span> <span class='ocrx_word' id='word_1_17' title='bbox 382 687 563 762; x_wconf 75' lang='lat' dir='ltr'><strong>anapaestica</strong></span> <span class='ocrx_word' id='word_1_18' title='bbox 585 685 684 744; x_wconf 87' lang='lat' dir='ltr'><strong>inerit.</strong></span> 
     </span>
    </p>

    <p class='ocr_par' dir='ltr' id='par_1_3' title="bbox 88 783 1220 3211">
     <span class='ocr_line' id='line_1_4' title="bbox 171 783 1212 866; baseline 0.001 -21"><span class='ocrx_word' id='word_1_19' title='bbox 171 788 245 846; x_wconf 92' lang='grc'><strong>829.</strong></span> <span class='ocrx_word' id='word_1_20' title='bbox 275 788 382 846; x_wconf 89' lang='lat' dir='ltr'><strong>Hiatus</strong></span> <span class='ocrx_word' id='word_1_21' title='bbox 410 792 479 866; x_wconf 90' lang='lat' dir='ltr'><strong>post</strong></span> <span class='ocrx_word' id='word_1_22' title='bbox 502 787 537 846; x_wconf 78' lang='lat' dir='ltr'><strong>tu</strong></span> <span class='ocrx_word' id='word_1_23' title='bbox 564 793 595 845; x_wconf 93' lang='lat' dir='ltr'><strong>et</strong></span> <span class='ocrx_word' id='word_1_24' title='bbox 621 791 693 865; x_wconf 89' lang='lat' dir='ltr'><strong>post</strong></span> <span class='ocrx_word' id='word_1_25' title='bbox 720 783 783 847; x_wconf 78' lang='lat' dir='ltr'><strong>adi.</strong></span> <span class='ocrx_word' id='word_1_26' title='bbox 809 817 846 828; x_wconf 94' lang='lat'><em>—</em></span> <span class='ocrx_word' id='word_1_27' title='bbox 879 789 950 847; x_wconf 91' lang='grc'><strong>831.</strong></span> <span class='ocrx_word' id='word_1_28' title='bbox 979 783 1015 848; x_wconf 78' lang='lat' dir='ltr'><strong>in</strong></span> <span class='ocrx_word' id='word_1_29' title='bbox 1036 783 1162 862; x_wconf 73' lang='lat' dir='ltr'><strong>odico,</strong></span> <span class='ocrx_word' id='word_1_30' title='bbox 1185 810 1212 849; x_wconf 84' lang='lat' dir='ltr'><strong>v.</strong></span> 
     </span>
     <span class='ocr_line' id='line_1_5' title="bbox 88 887 1216 967; baseline 0.004 -21"><span class='ocrx_word' id='word_1_31' title='bbox 88 889 123 946; x_wconf 86' lang='lat' dir='ltr'><strong>ad</strong></span> <span class='ocrx_word' id='word_1_32' title='bbox 147 887 240 948; x_wconf 90' lang='lat' dir='ltr'><strong>Poen.</strong></span> <span class='ocrx_word' id='word_1_33' title='bbox 267 891 337 949; x_wconf 86' lang='grc'><strong>589.</strong></span> <span class='ocrx_word' id='word_1_34' title='bbox 368 919 406 930; x_wconf 90' lang='grc'>-</span> <span class='ocrx_word' id='word_1_35' title='bbox 436 903 566 967; x_wconf 72' lang='grc'><strong>0000000</strong></span> <span class='ocrx_word' id='word_1_36' title='bbox 593 887 660 950; x_wconf 91' lang='lat' dir='ltr'><strong>edd.</strong></span> <span class='ocrx_word' id='word_1_37' title='bbox 690 917 732 930; x_wconf 89' lang='grc'><strong>-</strong></span> <span class='ocrx_word' id='word_1_38' title='bbox 761 891 833 949; x_wconf 88' lang='grc'><strong>833.</strong></span> <span class='ocrx_word' id='word_1_39' title='bbox 868 889 942 949; x_wconf 90' lang='lat' dir='ltr'><strong>Octo</strong></span> <span class='ocrx_word' id='word_1_40' title='bbox 964 909 1105 951; x_wconf 86' lang='lat' dir='ltr'><strong>versuum</strong></span> <span class='ocrx_word' id='word_1_41' title='bbox 1128 893 1216 950; x_wconf 91' lang='lat' dir='ltr'><strong>initia</strong></span> 
     </span>
     <span class='ocr_line' id='line_1_6' title="bbox 88 985 1214 1070; baseline 0.003 -22"><span class='ocrx_word' id='word_1_42' title='bbox 88 991 254 1067; x_wconf 86' lang='lat' dir='ltr'><strong>perierunt.</strong></span> <span class='ocrx_word' id='word_1_43' title='bbox 298 985 444 1051; x_wconf 79' lang='lat' dir='ltr'><strong><em>Memora</em></strong></span> <span class='ocrx_word' id='word_1_44' title='bbox 466 991 643 1070; x_wconf 76' lang='lat' dir='ltr'><strong>supplerunt</strong></span> <span class='ocrx_word' id='word_1_45' title='bbox 666 991 732 1050; x_wconf 85' lang='lat' dir='ltr'><strong>edd.</strong></span> <span class='ocrx_word' id='word_1_46' title='bbox 763 1023 805 1033; x_wconf 96' lang='lat'>-</span> <span class='ocrx_word' id='word_1_47' title='bbox 833 993 906 1054; x_wconf 87' lang='lat' dir='ltr'><strong>Post</strong></span> <span class='ocrx_word' id='word_1_48' title='bbox 932 985 1035 1052; x_wconf 76' lang='lat' dir='ltr'><strong>herde</strong></span> <span class='ocrx_word' id='word_1_49' title='bbox 1061 993 1161 1052; x_wconf 87' lang='lat' dir='ltr'><strong>hiatus</strong></span> <span class='ocrx_word' id='word_1_50' title='bbox 1183 995 1214 1051; x_wconf 93' lang='lat' dir='ltr'><strong>in</strong></span> 
     </span>
     <span class='ocr_line' id='line_1_7' title="bbox 89 1093 1214 1171; baseline 0.004 -22"><span class='ocrx_word' id='word_1_51' title='bbox 89 1097 204 1151; x_wconf 74' lang='grc'><strong>0001000</strong></span> <span class='ocrx_word' id='word_1_52' title='bbox 225 1112 363 1171; x_wconf 88' lang='lat' dir='ltr'><strong>persona.</strong></span> <span class='ocrx_word' id='word_1_53' title='bbox 398 1123 440 1134; x_wconf 84' lang='lat'>-</span> <span class='ocrx_word' id='word_1_54' title='bbox 472 1093 545 1152; x_wconf 90' lang='lat' dir='ltr'><strong>Inda</strong></span> <span class='ocrx_word' id='word_1_55' title='bbox 574 1093 612 1153; x_wconf 91' lang='lat' dir='ltr'><strong>ab</strong></span> <span class='ocrx_word' id='word_1_56' title='bbox 641 1095 696 1153; x_wconf 90' lang='lat' dir='ltr'><strong>hoc</strong></span> <span class='ocrx_word' id='word_1_57' title='bbox 722 1113 810 1154; x_wconf 83' lang='lat' dir='ltr'><strong>versu</strong></span> <span class='ocrx_word' id='word_1_58' title='bbox 838 1114 893 1170; x_wconf 88' lang='lat' dir='ltr'><strong>per</strong></span> <span class='ocrx_word' id='word_1_59' title='bbox 921 1096 1068 1171; x_wconf 87' lang='lat' dir='ltr'><strong>reliquam</strong></span> <span class='ocrx_word' id='word_1_60' title='bbox 1097 1113 1214 1154; x_wconf 87' lang='lat' dir='ltr'><strong>scenam</strong></span> 
     </span>
     <span class='ocr_line' id='line_1_8' title="bbox 89 1195 1214 1274; baseline 0.004 -22"><span class='ocrx_word' id='word_1_61' title='bbox 89 1201 260 1254; x_wconf 88' lang='lat' dir='ltr'><strong>contextum</strong></span> <span class='ocrx_word' id='word_1_62' title='bbox 282 1197 392 1256; x_wconf 89' lang='lat' dir='ltr'><strong>codicis</strong></span> <span class='ocrx_word' id='word_1_63' title='bbox 413 1196 454 1268; x_wconf 90' lang='lat' dir='ltr'><strong>B,</strong></span> <span class='ocrx_word' id='word_1_64' title='bbox 485 1197 604 1272; x_wconf 91' lang='lat' dir='ltr'><strong>quicum</strong></span> <span class='ocrx_word' id='word_1_65' title='bbox 627 1195 642 1254; x_wconf 96' lang='lat' dir='ltr'>I</span> <span class='ocrx_word' id='word_1_66' title='bbox 664 1201 694 1254; x_wconf 92' lang='lat' dir='ltr'><strong>et</strong></span> <span class='ocrx_word' id='word_1_67' title='bbox 716 1195 742 1254; x_wconf 83' lang='lat' dir='ltr'><strong>E</strong></span> <span class='ocrx_word' id='word_1_68' title='bbox 764 1199 967 1271; x_wconf 88' lang='lat' dir='ltr'><strong>consentiunt,</strong></span> <span class='ocrx_word' id='word_1_69' title='bbox 1002 1199 1045 1257; x_wconf 93' lang='lat' dir='ltr'><strong>ita</strong></span> <span class='ocrx_word' id='word_1_70' title='bbox 1068 1199 1214 1274; x_wconf 85' lang='lat' dir='ltr'><strong>expressi·</strong></span> 
     </span>
     <span class='ocr_line' id='line_1_9' title="bbox 90 1299 1215 1378; baseline 0.003 -25"><span class='ocrx_word' id='word_1_71' title='bbox 90 1315 167 1369; x_wconf 88' lang='lat' dir='ltr'><strong>mna,</strong></span> <span class='ocrx_word' id='word_1_72' title='bbox 202 1302 238 1356; x_wconf 92' lang='lat' dir='ltr'><strong>ut</strong></span> <span class='ocrx_word' id='word_1_73' title='bbox 260 1303 291 1356; x_wconf 93' lang='lat' dir='ltr'><strong>et</strong></span> <span class='ocrx_word' id='word_1_74' title='bbox 312 1318 416 1358; x_wconf 86' lang='lat' dir='ltr'><strong>versus</strong></span> <span class='ocrx_word' id='word_1_75' title='bbox 439 1303 631 1358; x_wconf 73' lang='lat' dir='ltr'>servarentur</span> <span class='ocrx_word' id='word_1_76' title='bbox 659 1304 691 1356; x_wconf 87' lang='lat' dir='ltr'><strong>et</strong></span> <span class='ocrx_word' id='word_1_77' title='bbox 717 1299 890 1358; x_wconf 86' lang='lat' dir='ltr'><strong>lacunarum</strong></span> <span class='ocrx_word' id='word_1_78' title='bbox 924 1301 1037 1378; x_wconf 84' lang='lat' dir='ltr'><strong>spatia,</strong></span> <span class='ocrx_word' id='word_1_79' title='bbox 1071 1305 1215 1376; x_wconf 88' lang='lat' dir='ltr'><strong>quantum</strong></span> 
     </span>
     <span class='ocr_line' id='line_1_10' title="bbox 90 1393 1216 1479; baseline 0.004 -23"><span class='ocrx_word' id='word_1_80' title='bbox 90 1397 152 1457; x_wconf 88' lang='lat' dir='ltr'><strong>fieri</strong></span> <span class='ocrx_word' id='word_1_81' title='bbox 167 1405 278 1476; x_wconf 89' lang='lat' dir='ltr'><strong>posset,</strong></span> <span class='ocrx_word' id='word_1_82' title='bbox 303 1405 494 1478; x_wconf 71' lang='lat' dir='ltr'><strong>apparerent.</strong></span> <span class='ocrx_word' id='word_1_83' title='bbox 512 1429 555 1442; x_wconf 90' lang='lat'>-</span> <span class='ocrx_word' id='word_1_84' title='bbox 573 1402 644 1460; x_wconf 83' lang='lat'><strong>834.</strong></span> <span class='ocrx_word' id='word_1_85' title='bbox 669 1393 845 1479; x_wconf 79' lang='lat' dir='ltr'><strong>Postquam</strong></span> <span class='ocrx_word' id='word_1_86' title='bbox 864 1395 1040 1462; x_wconf 62' lang='lat' dir='ltr'><strong>maaca</strong></span> <span class='ocrx_word' id='word_1_87' title='bbox 1052 1401 1216 1462; x_wconf 72' lang='lat' dir='ltr'><strong>Lambinus</strong></span> 
     </span>
     <span class='ocr_line' id='line_1_11' title="bbox 90 1501 1217 1582; baseline 0.005 -26"><span class='ocrx_word' id='word_1_88' title='bbox 90 1519 143 1558; x_wconf 89' lang='lat' dir='ltr'><strong>em.</strong></span> <span class='ocrx_word' id='word_1_89' title='bbox 176 1531 214 1542; x_wconf 92' lang='lat'><em>-</em></span> <span class='ocrx_word' id='word_1_90' title='bbox 251 1501 279 1561; x_wconf 77' lang='lat' dir='ltr'><strong>te</strong></span> <span class='ocrx_word' id='word_1_91' title='bbox 308 1503 376 1562; x_wconf 90' lang='lat' dir='ltr'><strong>add.</strong></span> <span class='ocrx_word' id='word_1_92' title='bbox 401 1501 515 1562; x_wconf 77' lang='lat' dir='ltr'><strong>Becker</strong></span> <span class='ocrx_word' id='word_1_93' title='bbox 542 1504 573 1562; x_wconf 90' lang='lat' dir='ltr'><strong>in</strong></span> <span class='ocrx_word' id='word_1_94' title='bbox 596 1501 729 1561; x_wconf 85' lang='lat' dir='ltr'><strong>Studem.</strong></span> <span class='ocrx_word' id='word_1_95' title='bbox 754 1503 839 1562; x_wconf 85' lang='lat' dir='ltr'><strong>Stud.</strong></span> <span class='ocrx_word' id='word_1_96' title='bbox 863 1503 877 1562; x_wconf 91' lang='grc' dir='ltr'>Ι</span> <span class='ocrx_word' id='word_1_97' title='bbox 898 1525 929 1581; x_wconf 89' lang='lat' dir='ltr'><strong>p.</strong></span> <span class='ocrx_word' id='word_1_98' title='bbox 956 1507 1029 1578; x_wconf 84' lang='grc'><strong>150,</strong></span> <span class='ocrx_word' id='word_1_99' title='bbox 1064 1504 1117 1563; x_wconf 88' lang='lat' dir='ltr'><strong>sed</strong></span> <span class='ocrx_word' id='word_1_100' title='bbox 1147 1509 1217 1582; x_wconf 90' lang='lat' dir='ltr'><strong>post</strong></span> 
     </span>
     <span class='ocr_line' id='line_1_12' title="bbox 90 1597 1215 1684; baseline 0.002 -22"><span class='ocrx_word' id='word_1_101' title='bbox 90 1617 267 1664; x_wconf 61' lang='lat' dir='ltr'><strong>munerare.</strong></span> <span class='ocrx_word' id='word_1_102' title='bbox 285 1635 328 1645; x_wconf 97' lang='lat'>—</span> <span class='ocrx_word' id='word_1_103' title='bbox 351 1607 421 1664; x_wconf 83' lang='lat'><strong>835.</strong></span> <span class='ocrx_word' id='word_1_104' title='bbox 444 1597 493 1664; x_wconf 76' lang='lat' dir='ltr'><strong>At</strong></span> <span class='ocrx_word' id='word_1_105' title='bbox 513 1604 583 1664; x_wconf 89' lang='lat' dir='ltr'><strong>olim</strong></span> <span class='ocrx_word' id='word_1_106' title='bbox 606 1606 779 1684; x_wconf 88' lang='lat' dir='ltr'><strong>suppletum</strong></span> <span class='ocrx_word' id='word_1_107' title='bbox 801 1611 855 1666; x_wconf 88' lang='lat' dir='ltr'><strong>est.</strong></span> <span class='ocrx_word' id='word_1_108' title='bbox 880 1605 993 1676; x_wconf 69' lang='lat' dir='ltr'><strong>‚Matri</strong></span> <span class='ocrx_word' id='word_1_109' title='bbox 1016 1625 1104 1665; x_wconf 86' lang='lat' dir='ltr'><strong>causa</strong></span> <span class='ocrx_word' id='word_1_110' title='bbox 1126 1607 1215 1664; x_wconf 88' lang='lat' dir='ltr'><strong>etiam</strong></span> 
     </span>
     <span class='ocr_line' id='line_1_13' title="bbox 91 1699 1217 1777; baseline 0.004 -15"><span class='ocrx_word' id='word_1_111' title='bbox 91 1711 156 1763; x_wconf 87' lang='lat' dir='ltr'><strong>ante</strong></span> <span class='ocrx_word' id='word_1_112' title='bbox 183 1699 349 1766; x_wconf 71' lang='lat' dir='ltr'><strong>(iacebam</strong></span> <span class='ocrx_word' id='word_1_113' title='bbox 368 1707 512 1766; x_wconf 73' lang='lat' dir='ltr'><strong>excidisse</strong></span> <span class='ocrx_word' id='word_1_114' title='bbox 532 1704 608 1777; x_wconf 83' lang='lat' dir='ltr'><strong>„At“</strong></span> <span class='ocrx_word' id='word_1_115' title='bbox 628 1707 817 1767; x_wconf 76' lang='lat' dir='ltr'><strong>crediderim.</strong></span> <span class='ocrx_word' id='word_1_116' title='bbox 844 1737 881 1747; x_wconf 92' lang='lat'>-</span> <span class='ocrx_word' id='word_1_117' title='bbox 906 1709 978 1766; x_wconf 93' lang='grc'><strong>840.</strong></span> <span class='ocrx_word' id='word_1_118' title='bbox 1003 1699 1156 1768; x_wconf 75' lang='lat' dir='ltr'><strong>Gladium</strong></span> <span class='ocrx_word' id='word_1_119' title='bbox 1177 1721 1217 1766; x_wconf 79' lang='grc'><strong>00</strong></span> 
     </span>
     <span class='ocr_line' id='line_1_14' title="bbox 91 1807 1216 1894; baseline 0.002 -29"><span class='ocrx_word' id='word_1_120' title='bbox 91 1807 156 1868; x_wconf 86' lang='lat' dir='ltr'><strong>add.</strong></span> <span class='ocrx_word' id='word_1_121' title='bbox 180 1809 274 1885; x_wconf 78' lang='lat' dir='ltr'><strong>Lang.</strong></span> <span class='ocrx_word' id='word_1_122' title='bbox 311 1837 349 1850; x_wconf 91' lang='lat'>-</span> <span class='ocrx_word' id='word_1_123' title='bbox 384 1809 456 1894; x_wconf 81' lang='lat' dir='ltr'><strong>Post</strong></span> <span class='ocrx_word' id='word_1_124' title='bbox 482 1808 561 1868; x_wconf 90' lang='lat' dir='ltr'><strong>hunc</strong></span> <span class='ocrx_word' id='word_1_125' title='bbox 587 1829 706 1869; x_wconf 81' lang='lat' dir='ltr'><strong>versum</strong></span> <span class='ocrx_word' id='word_1_126' title='bbox 736 1809 812 1868; x_wconf 92' lang='lat' dir='ltr'><strong>inB</strong></span> <span class='ocrx_word' id='word_1_127' title='bbox 842 1812 930 1869; x_wconf 89' lang='lat' dir='ltr'><strong>unius</strong></span> <span class='ocrx_word' id='word_1_128' title='bbox 959 1828 1064 1870; x_wconf 84' lang='lat' dir='ltr'><strong>versus</strong></span> <span class='ocrx_word' id='word_1_129' title='bbox 1086 1811 1216 1886; x_wconf 88' lang='lat' dir='ltr'><strong>spatium</strong></span> 
     </span>
     <span class='ocr_line' id='line_1_15' title="bbox 91 1910 1217 1988; baseline 0.003 -21"><span class='ocrx_word' id='word_1_130' title='bbox 91 1916 183 1984; x_wconf 85' lang='lat' dir='ltr'><strong>vacat,</strong></span> <span class='ocrx_word' id='word_1_131' title='bbox 213 1931 269 1970; x_wconf 89' lang='lat' dir='ltr'><strong>nec</strong></span> <span class='ocrx_word' id='word_1_132' title='bbox 289 1917 389 1970; x_wconf 74' lang='lat' dir='ltr'><strong>tanim</strong></span> <span class='ocrx_word' id='word_1_133' title='bbox 411 1910 573 1988; x_wconf 81' lang='lat' dir='ltr'><strong>quidquem</strong></span> <span class='ocrx_word' id='word_1_134' title='bbox 595 1912 742 1970; x_wconf 88' lang='lat' dir='ltr'><strong>interiissc</strong></span> <span class='ocrx_word' id='word_1_135' title='bbox 764 1911 863 1972; x_wconf 86' lang='lat' dir='ltr'><strong>credo.</strong></span> <span class='ocrx_word' id='word_1_136' title='bbox 885 1941 923 1954; x_wconf 90' lang='lat'><strong>-·</strong></span> <span class='ocrx_word' id='word_1_137' title='bbox 948 1913 1019 1971; x_wconf 97' lang='grc'><strong>842.</strong></span> <span class='ocrx_word' id='word_1_138' title='bbox 1042 1911 1124 1971; x_wconf 80' lang='lat' dir='ltr'><strong>esset</strong></span> <span class='ocrx_word' id='word_1_139' title='bbox 1145 1911 1217 1970; x_wconf 89' lang='lat' dir='ltr'><strong>olim</strong></span> 
     </span>
     <span class='ocr_line' id='line_1_16' title="bbox 92 2005 1217 2091; baseline 0.001 -20"><span class='ocrx_word' id='word_1_140' title='bbox 92 2014 287 2073; x_wconf 87' lang='lat' dir='ltr'><strong>emendatum.</strong></span> <span class='ocrx_word' id='word_1_141' title='bbox 312 2043 352 2054; x_wconf 93' lang='lat'><strong>—</strong></span> <span class='ocrx_word' id='word_1_142' title='bbox 377 2015 448 2073; x_wconf 87' lang='grc'><strong>845.</strong></span> <span class='ocrx_word' id='word_1_143' title='bbox 472 2005 644 2086; x_wconf 66' lang='lat' dir='ltr'><strong>cremitae,</strong></span> <span class='ocrx_word' id='word_1_144' title='bbox 673 2014 772 2091; x_wconf 83' lang='lat' dir='ltr'><strong>qualis</strong></span> <span class='ocrx_word' id='word_1_145' title='bbox 794 2015 880 2073; x_wconf 85' lang='lat' dir='ltr'><strong>olera</strong></span> <span class='ocrx_word' id='word_1_146' title='bbox 901 2019 932 2073; x_wconf 92' lang='lat' dir='ltr'><strong>et</strong></span> <span class='ocrx_word' id='word_1_147' title='bbox 954 2019 1072 2091; x_wconf 75' lang='lat' dir='ltr'><strong>segetes</strong></span> <span class='ocrx_word' id='word_1_148' title='bbox 1095 2011 1217 2090; x_wconf 79' lang='lat' dir='ltr'><strong>aggredi</strong></span> 
     </span>
     <span class='ocr_line' id='line_1_17' title="bbox 93 2109 1220 2192; baseline -0.001 -18"><span class='ocrx_word' id='word_1_149' title='bbox 93 2115 182 2186; x_wconf 90' lang='lat' dir='ltr'><strong>solet,</strong></span> <span class='ocrx_word' id='word_1_150' title='bbox 211 2120 249 2174; x_wconf 90' lang='lat' dir='ltr'><strong>ut</strong></span> <span class='ocrx_word' id='word_1_151' title='bbox 270 2135 358 2175; x_wconf 84' lang='lat' dir='ltr'><strong>vesca</strong></span> <span class='ocrx_word' id='word_1_152' title='bbox 379 2115 467 2192; x_wconf 85' lang='lat' dir='ltr'><strong>fiant,</strong></span> <span class='ocrx_word' id='word_1_153' title='bbox 490 2115 527 2174; x_wconf 82' lang='lat' dir='ltr'><strong>ci.</strong></span> <span class='ocrx_word' id='word_1_154' title='bbox 551 2117 619 2175; x_wconf 86' lang='lat' dir='ltr'><strong>Ter.</strong></span> <span class='ocrx_word' id='word_1_155' title='bbox 643 2115 718 2174; x_wconf 78' lang='lat' dir='ltr'><strong>Eun.</strong></span> <span class='ocrx_word' id='word_1_156' title='bbox 743 2118 794 2175; x_wconf 96' lang='grc'><strong>79.</strong></span> <span class='ocrx_word' id='word_1_157' title='bbox 817 2145 860 2156; x_wconf 90' lang='grc'>-</span> <span class='ocrx_word' id='word_1_158' title='bbox 883 2117 954 2175; x_wconf 90' lang='grc'><strong>847.</strong></span> <span class='ocrx_word' id='word_1_159' title='bbox 985 2109 1046 2178; x_wconf 75' lang='lat' dir='ltr'><strong>Udi</strong></span> <span class='ocrx_word' id='word_1_160' title='bbox 1065 2121 1095 2174; x_wconf 93' lang='lat' dir='ltr'><strong>et</strong></span> <span class='ocrx_word' id='word_1_161' title='bbox 1112 2109 1220 2192; x_wconf 77' lang='lat' dir='ltr'><strong>inquit</strong></span> 
     </span>
     <span class='ocr_line' id='line_1_18' title="bbox 93 2216 1217 2295; baseline 0.001 -21"><span class='ocrx_word' id='word_1_162' title='bbox 93 2223 232 2294; x_wconf 85' lang='lat' dir='ltr'><strong>corrupta</strong></span> <span class='ocrx_word' id='word_1_163' title='bbox 254 2225 333 2276; x_wconf 90' lang='lat' dir='ltr'><strong>snut.</strong></span> <span class='ocrx_word' id='word_1_164' title='bbox 379 2217 463 2277; x_wconf 84' lang='lat' dir='ltr'><strong>Nihil</strong></span> <span class='ocrx_word' id='word_1_165' title='bbox 489 2217 571 2276; x_wconf 89' lang='lat' dir='ltr'><strong>alind</strong></span> <span class='ocrx_word' id='word_1_166' title='bbox 598 2219 764 2295; x_wconf 85' lang='lat' dir='ltr'><strong>requiritur</strong></span> <span class='ocrx_word' id='word_1_167' title='bbox 791 2237 900 2295; x_wconf 88' lang='lat' dir='ltr'><strong>quam:</strong></span> <span class='ocrx_word' id='word_1_168' title='bbox 935 2216 1069 2292; x_wconf 87' lang='lat' dir='ltr'><strong>„Blande</strong></span> <span class='ocrx_word' id='word_1_169' title='bbox 1097 2218 1217 2295; x_wconf 90' lang='lat' dir='ltr'><strong>appello</strong></span> 
     </span>
     <span class='ocr_line' id='line_1_19' title="bbox 93 2311 1218 2398; baseline 0.001 -21"><span class='ocrx_word' id='word_1_170' title='bbox 93 2317 260 2378; x_wconf 82' lang='lat' dir='ltr'><strong>Casinam“.</strong></span> <span class='ocrx_word' id='word_1_171' title='bbox 287 2349 324 2360; x_wconf 90' lang='lat'><strong>-··</strong></span> <span class='ocrx_word' id='word_1_172' title='bbox 350 2322 421 2379; x_wconf 90' lang='grc'><strong>851.</strong></span> <span class='ocrx_word' id='word_1_173' title='bbox 445 2316 530 2380; x_wconf 69' lang='lat' dir='ltr'><strong>cers.</strong></span> <span class='ocrx_word' id='word_1_174' title='bbox 554 2321 649 2398; x_wconf 85' lang='lat' dir='ltr'><strong>Gepp.</strong></span> <span class='ocrx_word' id='word_1_175' title='bbox 666 2317 841 2394; x_wconf 85' lang='lat' dir='ltr'><strong>„mulieree“</strong></span> <span class='ocrx_word' id='word_1_176' title='bbox 857 2319 952 2380; x_wconf 90' lang='lat' dir='ltr'><strong>addit.</strong></span> <span class='ocrx_word' id='word_1_177' title='bbox 972 2349 1010 2360; x_wconf 95' lang='lat'>-</span> <span class='ocrx_word' id='word_1_178' title='bbox 1035 2321 1107 2380; x_wconf 86' lang='grc'><strong>853.</strong></span> <span class='ocrx_word' id='word_1_179' title='bbox 1137 2311 1218 2380; x_wconf 83' lang='lat' dir='ltr'><strong>Uolo</strong></span> 
     </span>
     <span class='ocr_line' id='line_1_20' title="bbox 94 2415 1219 2498; baseline 0.003 -19"><span class='ocrx_word' id='word_1_180' title='bbox 94 2423 153 2480; x_wconf 89' lang='lat' dir='ltr'><strong>sine</strong></span> <span class='ocrx_word' id='word_1_181' title='bbox 176 2423 269 2481; x_wconf 89' lang='lat' dir='ltr'><strong>dnbio</strong></span> <span class='ocrx_word' id='word_1_182' title='bbox 292 2427 474 2498; x_wconf 85' lang='lat' dir='ltr'><strong>corruptum.</strong></span> <span class='ocrx_word' id='word_1_183' title='bbox 504 2452 544 2463; x_wconf 92' lang='lat'>—</span> <span class='ocrx_word' id='word_1_184' title='bbox 574 2423 646 2481; x_wconf 87' lang='grc'><strong>854.</strong></span> <span class='ocrx_word' id='word_1_185' title='bbox 677 2415 814 2482; x_wconf 71' lang='lat' dir='ltr'><strong>Nuilrcm</strong></span> <span class='ocrx_word' id='word_1_186' title='bbox 841 2417 1066 2481; x_wconf 69' lang='lat' dir='ltr'><strong>mateteriam</strong></span> <span class='ocrx_word' id='word_1_187' title='bbox 1086 2417 1219 2482; x_wconf 65' lang='grc'><strong>0000000</strong></span> 
     </span>
     <span class='ocr_line' id='line_1_21' title="bbox 94 2519 1218 2602; baseline -0.001 -20"><span class='ocrx_word' id='word_1_188' title='bbox 94 2523 185 2602; x_wconf 86' lang='lat' dir='ltr'><strong>Gepp.</strong></span> <span class='ocrx_word' id='word_1_189' title='bbox 211 2555 251 2566; x_wconf 91' lang='lat'><strong>-</strong></span> <span class='ocrx_word' id='word_1_190' title='bbox 277 2528 347 2585; x_wconf 84' lang='grc'><strong>859.</strong></span> <span class='ocrx_word' id='word_1_191' title='bbox 377 2519 467 2586; x_wconf 78' lang='lat' dir='ltr'><strong>labra</strong></span> <span class='ocrx_word' id='word_1_192' title='bbox 488 2525 560 2584; x_wconf 91' lang='lat' dir='ltr'><strong>olim</strong></span> <span class='ocrx_word' id='word_1_193' title='bbox 583 2545 639 2584; x_wconf 89' lang='lat' dir='ltr'><strong>em.</strong></span> <span class='ocrx_word' id='word_1_194' title='bbox 665 2555 705 2564; x_wconf 92' lang='lat'><em>-</em></span> <span class='ocrx_word' id='word_1_195' title='bbox 736 2527 806 2584; x_wconf 88' lang='grc'><strong>860.</strong></span> <span class='ocrx_word' id='word_1_196' title='bbox 829 2519 963 2583; x_wconf 69' lang='grc'><strong>0007000</strong></span> <span class='ocrx_word' id='word_1_197' title='bbox 985 2525 1055 2582; x_wconf 89' lang='lat' dir='ltr'><strong>olim</strong></span> <span class='ocrx_word' id='word_1_198' title='bbox 1079 2525 1218 2584; x_wconf 90' lang='lat' dir='ltr'><strong>emenda·</strong></span> 
     </span>
     <span class='ocr_line' id='line_1_22' title="bbox 95 2623 1218 2704; baseline 0 -20"><span class='ocrx_word' id='word_1_199' title='bbox 95 2633 164 2686; x_wconf 87' lang='lat' dir='ltr'><strong>tum.</strong></span> <span class='ocrx_word' id='word_1_200' title='bbox 188 2657 227 2670; x_wconf 91' lang='lat'><strong>--</strong></span> <span class='ocrx_word' id='word_1_201' title='bbox 255 2629 326 2687; x_wconf 91' lang='grc'><strong>862.</strong></span> <span class='ocrx_word' id='word_1_202' title='bbox 344 2623 528 2703; x_wconf 65' lang='lat' dir='ltr'><strong>proficient,</strong></span> <span class='ocrx_word' id='word_1_203' title='bbox 556 2629 576 2686; x_wconf 92' lang='lat' dir='ltr'><strong>i.</strong></span> <span class='ocrx_word' id='word_1_204' title='bbox 595 2647 621 2685; x_wconf 94' lang='lat' dir='ltr'><strong>e.</strong></span> <span class='ocrx_word' id='word_1_205' title='bbox 640 2629 845 2704; x_wconf 79' lang='lat' dir='ltr'><strong>progrediens,</strong></span> <span class='ocrx_word' id='word_1_206' title='bbox 868 2633 904 2685; x_wconf 91' lang='lat' dir='ltr'><strong>nt</strong></span> <span class='ocrx_word' id='word_1_207' title='bbox 920 2625 992 2686; x_wconf 75' lang='lat' dir='ltr'><strong>Ces.</strong></span> <span class='ocrx_word' id='word_1_208' title='bbox 1012 2627 1046 2687; x_wconf 94' lang='grc' dir='ltr'><strong>Β.</strong></span> <span class='ocrx_word' id='word_1_209' title='bbox 1064 2625 1098 2685; x_wconf 84' lang='lat' dir='ltr'><strong>G.</strong></span> <span class='ocrx_word' id='word_1_210' title='bbox 1117 2625 1141 2702; x_wconf 88' lang='grc' dir='ltr'><strong>Ι,</strong></span> <span class='ocrx_word' id='word_1_211' title='bbox 1167 2627 1218 2684; x_wconf 89' lang='grc'><strong>38.</strong></span> 
     </span>
     <span class='ocr_line' id='line_1_23' title="bbox 95 2728 1220 2806; baseline -0.002 -20"><span class='ocrx_word' id='word_1_212' title='bbox 95 2728 166 2789; x_wconf 90' lang='lat' dir='ltr'><strong>Plin.</strong></span> <span class='ocrx_word' id='word_1_213' title='bbox 190 2731 227 2792; x_wconf 90' lang='lat' dir='ltr'><strong>H.</strong></span> <span class='ocrx_word' id='word_1_214' title='bbox 252 2731 288 2790; x_wconf 86' lang='lat' dir='ltr'><strong>N.</strong></span> <span class='ocrx_word' id='word_1_215' title='bbox 310 2729 436 2802; x_wconf 81' lang='lat' dir='ltr'>XXXII,</span> <span class='ocrx_word' id='word_1_216' title='bbox 460 2732 493 2789; x_wconf 82' lang='lat'><strong>4:</strong></span> <span class='ocrx_word' id='word_1_217' title='bbox 532 2749 641 2806; x_wconf 82' lang='lat' dir='ltr'><strong>„quum</strong></span> <span class='ocrx_word' id='word_1_218' title='bbox 670 2735 772 2788; x_wconf 85' lang='lat' dir='ltr'><strong>etota</strong></span> <span class='ocrx_word' id='word_1_219' title='bbox 794 2730 886 2789; x_wconf 87' lang='lat' dir='ltr'><strong>classe</strong></span> <span class='ocrx_word' id='word_1_220' title='bbox 909 2729 1133 2806; x_wconf 75' lang='lat' dir='ltr'><strong>quinqueremis</strong></span> <span class='ocrx_word' id='word_1_221' title='bbox 1155 2728 1220 2786; x_wconf 87' lang='lat' dir='ltr'><strong>sola</strong></span> 
     </span>
     <span class='ocr_line' id='line_1_24' title="bbox 96 2828 1220 2910; baseline -0.003 -21"><span class='ocrx_word' id='word_1_222' title='bbox 96 2851 151 2890; x_wconf 93' lang='lat' dir='ltr'><strong>non</strong></span> <span class='ocrx_word' id='word_1_223' title='bbox 171 2829 366 2910; x_wconf 85' lang='lat' dir='ltr'><strong>proficeret“.</strong></span> <span class='ocrx_word' id='word_1_224' title='bbox 418 2832 515 2907; x_wconf 82' lang='lat' dir='ltr'><strong>Vulgo</strong></span> <span class='ocrx_word' id='word_1_225' title='bbox 537 2837 640 2890; x_wconf 90' lang='lat' dir='ltr'><strong>notum</strong></span> <span class='ocrx_word' id='word_1_226' title='bbox 666 2831 832 2910; x_wconf 85' lang='lat' dir='ltr'><strong>„proficere</strong></span> <span class='ocrx_word' id='word_1_227' title='bbox 854 2833 885 2889; x_wconf 92' lang='lat' dir='ltr'><strong>in</strong></span> <span class='ocrx_word' id='word_1_228' title='bbox 907 2828 1049 2890; x_wconf 84' lang='lat' dir='ltr'><strong>litteris“.</strong></span> <span class='ocrx_word' id='word_1_229' title='bbox 1081 2859 1118 2870; x_wconf 88' lang='lat'>-</span> <span class='ocrx_word' id='word_1_230' title='bbox 1149 2843 1220 2888; x_wconf 78' lang='grc'><strong>0000</strong></span> 
     </span>
     <span class='ocr_line' id='line_1_25' title="bbox 96 2929 1217 3013; baseline -0.005 -19"><span class='ocrx_word' id='word_1_231' title='bbox 96 2935 207 2995; x_wconf 73' lang='lat' dir='ltr'><strong>ancta</strong></span> <span class='ocrx_word' id='word_1_232' title='bbox 236 2950 300 3013; x_wconf 74' lang='lat' dir='ltr'><strong>qao</strong></span> <span class='ocrx_word' id='word_1_233' title='bbox 326 2929 434 3006; x_wconf 71' lang='lat' dir='ltr'><strong>uides,</strong></span> <span class='ocrx_word' id='word_1_234' title='bbox 463 2955 504 2993; x_wconf 90' lang='lat' dir='ltr'><strong>sc.</strong></span> <span class='ocrx_word' id='word_1_235' title='bbox 526 2953 574 2992; x_wconf 90' lang='lat' dir='ltr'><strong>ms</strong></span> <span class='ocrx_word' id='word_1_236' title='bbox 598 2937 694 3008; x_wconf 89' lang='lat' dir='ltr'><strong>exire,</strong></span> <span class='ocrx_word' id='word_1_237' title='bbox 729 2937 773 2993; x_wconf 85' lang='lat' dir='ltr'><strong>ita</strong></span> <span class='ocrx_word' id='word_1_238' title='bbox 801 2938 925 2992; x_wconf 88' lang='lat' dir='ltr'><strong>ornatus</strong></span> <span class='ocrx_word' id='word_1_239' title='bbox 953 2939 988 2992; x_wconf 88' lang='lat' dir='ltr'><strong>ut</strong></span> <span class='ocrx_word' id='word_1_240' title='bbox 1016 2930 1114 3004; x_wconf 84' lang='lat' dir='ltr'><strong>vides,</strong></span> <span class='ocrx_word' id='word_1_241' title='bbox 1148 2931 1165 2988; x_wconf 93' lang='lat' dir='ltr'><strong>i.</strong></span> <span class='ocrx_word' id='word_1_242' title='bbox 1191 2950 1217 2988; x_wconf 91' lang='lat' dir='ltr'><strong>e.</strong></span> 
     </span>
     <span class='ocr_line' id='line_1_26' title="bbox 95 3033 1218 3115; baseline -0.004 -21"><span class='ocrx_word' id='word_1_243' title='bbox 95 3038 155 3096; x_wconf 91' lang='lat' dir='ltr'><strong>sins</strong></span> <span class='ocrx_word' id='word_1_244' title='bbox 176 3040 288 3115; x_wconf 92' lang='lat' dir='ltr'><strong>pallio,</strong></span> <span class='ocrx_word' id='word_1_245' title='bbox 321 3058 349 3097; x_wconf 84' lang='lat' dir='ltr'><strong>v.</strong></span> <span class='ocrx_word' id='word_1_246' title='bbox 374 3040 446 3098; x_wconf 89' lang='grc'><strong>864.</strong></span> <span class='ocrx_word' id='word_1_247' title='bbox 469 3037 512 3096; x_wconf 82' lang='lat' dir='ltr'><strong>cf.</strong></span> <span class='ocrx_word' id='word_1_248' title='bbox 536 3037 575 3095; x_wconf 94' lang='lat' dir='ltr'><strong>ad</strong></span> <span class='ocrx_word' id='word_1_249' title='bbox 598 3037 662 3095; x_wconf 83' lang='lat' dir='ltr'><strong>Mil.</strong></span> <span class='ocrx_word' id='word_1_250' title='bbox 689 3037 735 3096; x_wconf 90' lang='grc'><strong>16.</strong></span> <span class='ocrx_word' id='word_1_251' title='bbox 797 3034 841 3093; x_wconf 91' lang='lat' dir='ltr'><strong>De</strong></span> <span class='ocrx_word' id='word_1_252' title='bbox 868 3036 979 3092; x_wconf 87' lang='lat' dir='ltr'><strong>omissa</strong></span> <span class='ocrx_word' id='word_1_253' title='bbox 1006 3033 1218 3110; x_wconf 79' lang='lat' dir='ltr'><strong>praepositione</strong></span> 
     </span>
     <span class='ocr_line' id='line_1_27' title="bbox 97 3135 980 3211; baseline -0.001 -14"><span class='ocrx_word' id='word_1_254' title='bbox 97 3141 129 3199; x_wconf 87' lang='lat' dir='ltr'><strong>ci.</strong></span> <span class='ocrx_word' id='word_1_255' title='bbox 153 3142 224 3201; x_wconf 85' lang='grc'><strong>297.</strong></span> <span class='ocrx_word' id='word_1_256' title='bbox 252 3170 289 3180; x_wconf 99' lang='grc'>-</span> <span class='ocrx_word' id='word_1_257' title='bbox 315 3143 386 3200; x_wconf 92' lang='grc'><strong>865.</strong></span> <span class='ocrx_word' id='word_1_258' title='bbox 411 3135 499 3200; x_wconf 73' lang='lat' dir='ltr'><strong>adita</strong></span> <span class='ocrx_word' id='word_1_259' title='bbox 521 3139 681 3211; x_wconf 80' lang='lat' dir='ltr'><strong>elimam,</strong></span> <span class='ocrx_word' id='word_1_260' title='bbox 705 3158 732 3196; x_wconf 80' lang='lat' dir='ltr'><strong>r.</strong></span> <span class='ocrx_word' id='word_1_261' title='bbox 756 3138 794 3196; x_wconf 88' lang='lat' dir='ltr'><strong>ad</strong></span> <span class='ocrx_word' id='word_1_262' title='bbox 816 3137 884 3196; x_wconf 83' lang='lat' dir='ltr'><strong>sul.</strong></span> <span class='ocrx_word' id='word_1_263' title='bbox 909 3137 980 3196; x_wconf 89' lang='grc'><strong>370.</strong></span> 
     </span>
    </p>

    <p class='ocr_par' dir='ltr' id='par_1_4' title="bbox 98 3235 1218 3834">
     <span class='ocr_line' id='line_1_28' title="bbox 178 3235 1218 3319; baseline -0.007 -17"><span class='ocrx_word' id='word_1_264' title='bbox 178 3245 253 3303; x_wconf 89' lang='grc'><strong>867.</strong></span> <span class='ocrx_word' id='word_1_265' title='bbox 283 3244 461 3319; x_wconf 79' lang='lat' dir='ltr'><strong>Lysidamns</strong></span> <span class='ocrx_word' id='word_1_266' title='bbox 484 3244 558 3314; x_wconf 81' lang='lat' dir='ltr'><strong>exit;</strong></span> <span class='ocrx_word' id='word_1_267' title='bbox 581 3259 703 3298; x_wconf 85' lang='lat' dir='ltr'><strong>uxorem</strong></span> <span class='ocrx_word' id='word_1_268' title='bbox 726 3245 901 3317; x_wconf 88' lang='lat' dir='ltr'><strong>ceterosque</strong></span> <span class='ocrx_word' id='word_1_269' title='bbox 925 3259 986 3298; x_wconf 91' lang='lat' dir='ltr'><strong>non</strong></span> <span class='ocrx_word' id='word_1_270' title='bbox 1007 3238 1100 3296; x_wconf 83' lang='lat' dir='ltr'><strong>videt.</strong></span> <span class='ocrx_word' id='word_1_271' title='bbox 1144 3235 1218 3295; x_wconf 86' lang='lat' dir='ltr'><strong>Tres</strong></span> 
     </span>
     <span class='ocr_line' id='line_1_29' title="bbox 98 3338 1218 3423; baseline -0.007 -20"><span class='ocrx_word' id='word_1_272' title='bbox 98 3347 181 3420; x_wconf 89' lang='lat' dir='ltr'><strong>primi</strong></span> <span class='ocrx_word' id='word_1_273' title='bbox 203 3365 308 3406; x_wconf 82' lang='lat' dir='ltr'><strong>verens</strong></span> <span class='ocrx_word' id='word_1_274' title='bbox 330 3346 474 3406; x_wconf 80' lang='lat' dir='ltr'><strong>trochaici</strong></span> <span class='ocrx_word' id='word_1_275' title='bbox 497 3343 659 3423; x_wconf 71' lang='lat' dir='ltr'><strong>septenarii</strong></span> <span class='ocrx_word' id='word_1_276' title='bbox 681 3342 837 3414; x_wconf 84' lang='lat' dir='ltr'><strong>videntnr;</strong></span> <span class='ocrx_word' id='word_1_277' title='bbox 869 3341 998 3419; x_wconf 84' lang='lat' dir='ltr'><strong>proximi</strong></span> <span class='ocrx_word' id='word_1_278' title='bbox 1027 3344 1153 3417; x_wconf 89' lang='lat' dir='ltr'><strong>propter</strong></span> <span class='ocrx_word' id='word_1_279' title='bbox 1175 3338 1218 3395; x_wconf 90' lang='lat' dir='ltr'><strong>la·</strong></span> 
     </span>
     <span class='ocr_line' id='line_1_30' title="bbox 99 3441 1217 3512; baseline -0.005 -8"><span class='ocrx_word' id='word_1_280' title='bbox 99 3465 184 3507; x_wconf 88' lang='lat' dir='ltr'><strong>cunas</strong></span> <span class='ocrx_word' id='word_1_281' title='bbox 205 3450 321 3508; x_wconf 89' lang='lat' dir='ltr'><strong>incerti.</strong></span> <span class='ocrx_word' id='word_1_282' title='bbox 378 3449 525 3507; x_wconf 86' lang='grc'><strong>876-78</strong></span> <span class='ocrx_word' id='word_1_283' title='bbox 553 3447 720 3505; x_wconf 86' lang='lat' dir='ltr'><strong>tetrametri</strong></span> <span class='ocrx_word' id='word_1_284' title='bbox 748 3445 859 3504; x_wconf 76' lang='lat' dir='ltr'><strong>cretici.</strong></span> <span class='ocrx_word' id='word_1_285' title='bbox 909 3446 976 3512; x_wconf 85' lang='grc'><strong>,879</strong></span> <span class='ocrx_word' id='word_1_286' title='bbox 1006 3441 1130 3501; x_wconf 89' lang='lat' dir='ltr'><strong>dimeter</strong></span> <span class='ocrx_word' id='word_1_287' title='bbox 1154 3459 1217 3499; x_wconf 88' lang='lat' dir='ltr'><strong>cre·</strong></span> 
     </span>
     <span class='ocr_line' id='line_1_31' title="bbox 99 3546 1218 3611; baseline -0.011 0"><span class='ocrx_word' id='word_1_288' title='bbox 99 3549 170 3610; x_wconf 79' lang='lat' dir='ltr'><strong>tiens</strong></span> <span class='ocrx_word' id='word_1_289' title='bbox 202 3571 270 3611; x_wconf 88' lang='lat' dir='ltr'><strong>cum</strong></span> <span class='ocrx_word' id='word_1_290' title='bbox 304 3551 432 3610; x_wconf 90' lang='lat' dir='ltr'><strong>dimetro</strong></span> <span class='ocrx_word' id='word_1_291' title='bbox 464 3548 617 3608; x_wconf 87' lang='lat' dir='ltr'><strong>trochaico</strong></span> <span class='ocrx_word' id='word_1_292' title='bbox 650 3549 830 3607; x_wconf 78' lang='lat' dir='ltr'><strong>catalectico.</strong></span> <span class='ocrx_word' id='word_1_293' title='bbox 900 3547 962 3606; x_wconf 87' lang='grc'><strong>880</strong></span> <span class='ocrx_word' id='word_1_294' title='bbox 996 3546 1123 3604; x_wconf 89' lang='lat' dir='ltr'><strong>dimeter</strong></span> <span class='ocrx_word' id='word_1_295' title='bbox 1149 3561 1218 3600; x_wconf 88' lang='lat' dir='ltr'><strong>ana·</strong></span> 
     </span>
     <span class='ocr_line' id='line_1_32' title="bbox 100 3643 1217 3729; baseline -0.01 -18"><span class='ocrx_word' id='word_1_296' title='bbox 100 3655 243 3726; x_wconf 73' lang='lat' dir='ltr'><strong>pastione.</strong></span> <span class='ocrx_word' id='word_1_297' title='bbox 288 3655 349 3713; x_wconf 90' lang='grc'><strong>881</strong></span> <span class='ocrx_word' id='word_1_298' title='bbox 368 3653 506 3711; x_wconf 88' lang='lat' dir='ltr'><strong>trimeter</strong></span> <span class='ocrx_word' id='word_1_299' title='bbox 519 3651 724 3729; x_wconf 76' lang='lat' dir='ltr'><strong>anapaesticus.</strong></span> <span class='ocrx_word' id='word_1_300' title='bbox 761 3649 907 3708; x_wconf 89' lang='grc'><strong>882-83</strong></span> <span class='ocrx_word' id='word_1_301' title='bbox 926 3647 1045 3707; x_wconf 90' lang='lat' dir='ltr'><strong>iambici</strong></span> <span class='ocrx_word' id='word_1_302' title='bbox 1061 3643 1217 3704; x_wconf 84' lang='lat' dir='ltr'><strong>octonarii.</strong></span> 
     </span>
     <span class='ocr_line' id='line_1_33' title="bbox 103 3753 543 3834; baseline 0.005 -24"><span class='ocrx_word' id='word_1_303' title='bbox 103 3753 159 3814; x_wconf 88' lang='grc'><strong>884</strong></span> <span class='ocrx_word' id='word_1_304' title='bbox 180 3755 324 3816; x_wconf 86' lang='lat' dir='ltr'><strong>iambicus</strong></span> <span class='ocrx_word' id='word_1_305' title='bbox 346 3755 543 3834; x_wconf 76' lang='lat' dir='ltr'><strong>septenarius.</strong></span> 
     </span>
    </p>

    <p class='ocr_par' dir='ltr' id='par_1_5' title="bbox 105 3848 1220 4237">
     <span class='ocr_line' id='line_1_34' title="bbox 182 3848 1218 3934; baseline -0.013 -16"><span class='ocrx_word' id='word_1_306' title='bbox 182 3861 254 3918; x_wconf 92' lang='grc'><strong>867.</strong></span> <span class='ocrx_word' id='word_1_307' title='bbox 277 3859 359 3918; x_wconf 90' lang='lat' dir='ltr'><strong>Duos</strong></span> <span class='ocrx_word' id='word_1_308' title='bbox 382 3858 495 3934; x_wconf 88' lang='lat' dir='ltr'><strong>primos</strong></span> <span class='ocrx_word' id='word_1_309' title='bbox 512 3873 616 3913; x_wconf 83' lang='lat' dir='ltr'><strong>versus</strong></span> <span class='ocrx_word' id='word_1_310' title='bbox 632 3853 752 3912; x_wconf 84' lang='lat' dir='ltr'><strong>Brixius</strong></span> <span class='ocrx_word' id='word_1_311' title='bbox 764 3853 841 3912; x_wconf 80' lang='lat' dir='ltr'><strong>Anu.</strong></span> <span class='ocrx_word' id='word_1_312' title='bbox 853 3852 958 3931; x_wconf 92' lang='lat' dir='ltr'><strong>philol.</strong></span> <span class='ocrx_word' id='word_1_313' title='bbox 971 3848 1096 3910; x_wconf 80' lang='lat' dir='ltr'>CXXXI</span> <span class='ocrx_word' id='word_1_314' title='bbox 1112 3868 1143 3926; x_wconf 92' lang='lat' dir='ltr'><strong>p.</strong></span> <span class='ocrx_word' id='word_1_315' title='bbox 1157 3849 1218 3906; x_wconf 89' lang='grc'><strong>202</strong></span> 
     </span>
     <span class='ocr_line' id='line_1_35' title="bbox 105 3945 1220 4032; baseline -0.007 -16"><span class='ocrx_word' id='word_1_316' title='bbox 105 3965 237 4032; x_wconf 86' lang='lat' dir='ltr'><strong>quattuor</strong></span> <span class='ocrx_word' id='word_1_317' title='bbox 259 3961 448 4020; x_wconf 76' lang='lat' dir='ltr'><strong>catalecticos</strong></span> <span class='ocrx_word' id='word_1_318' title='bbox 470 3957 614 4017; x_wconf 89' lang='lat' dir='ltr'><strong>dimetros</strong></span> <span class='ocrx_word' id='word_1_319' title='bbox 636 3957 832 4032; x_wconf 75' lang='lat' dir='ltr'><strong>anapesticos</strong></span> <span class='ocrx_word' id='word_1_320' title='bbox 853 3955 934 4014; x_wconf 86' lang='lat' dir='ltr'><strong>iacit.</strong></span> <span class='ocrx_word' id='word_1_321' title='bbox 960 3983 1000 3994; x_wconf 91' lang='lat'>-</span> <span class='ocrx_word' id='word_1_322' title='bbox 1027 3945 1107 4030; x_wconf 73' lang='lat' dir='ltr'><strong>quid</strong></span> <span class='ocrx_word' id='word_1_323' title='bbox 1127 3963 1220 4026; x_wconf 71' lang='lat' dir='ltr'><strong>aqam</strong></span> 
     </span>
     <span class='ocr_line' id='line_1_36' title="bbox 105 4051 1217 4137; baseline -0.01 -16"><span class='ocrx_word' id='word_1_324' title='bbox 105 4055 175 4121; x_wconf 75' lang='lat' dir='ltr'><strong>meis</strong></span> <span class='ocrx_word' id='word_1_325' title='bbox 190 4056 291 4137; x_wconf 70' lang='grc'><strong>00003,</strong></span> <span class='ocrx_word' id='word_1_326' title='bbox 315 4063 351 4122; x_wconf 86' lang='lat' dir='ltr'><strong>cf.</strong></span> <span class='ocrx_word' id='word_1_327' title='bbox 370 4061 476 4121; x_wconf 89' lang='lat' dir='ltr'><strong>Pseud.</strong></span> <span class='ocrx_word' id='word_1_328' title='bbox 501 4060 577 4119; x_wconf 78' lang='lat'><strong>783:</strong></span> <span class='ocrx_word' id='word_1_329' title='bbox 605 4058 713 4132; x_wconf 86' lang='lat' dir='ltr'><strong>„rebus</strong></span> <span class='ocrx_word' id='word_1_330' title='bbox 735 4058 808 4135; x_wconf 90' lang='lat' dir='ltr'><strong>quid</strong></span> <span class='ocrx_word' id='word_1_331' title='bbox 829 4051 1063 4116; x_wconf 84' lang='lat' dir='ltr'><strong>iaciam·meis“.</strong></span> <span class='ocrx_word' id='word_1_332' title='bbox 1081 4083 1123 4094; x_wconf 90' lang='lat'>-</span> <span class='ocrx_word' id='word_1_333' title='bbox 1146 4052 1217 4112; x_wconf 91' lang='grc'><strong>868.</strong></span> 
     </span>
     <span class='ocr_line' id='line_1_37' title="bbox 108 4153 1217 4237; baseline -0.006 -17"><span class='ocrx_word' id='word_1_334' title='bbox 108 4159 164 4224; x_wconf 82' lang='lat' dir='ltr'><strong>iam</strong></span> <span class='ocrx_word' id='word_1_335' title='bbox 189 4187 293 4226; x_wconf 83' lang='lat' dir='ltr'><strong>versus</strong></span> <span class='ocrx_word' id='word_1_336' title='bbox 322 4183 411 4224; x_wconf 87' lang='lat' dir='ltr'><strong>causa</strong></span> <span class='ocrx_word' id='word_1_337' title='bbox 438 4161 551 4222; x_wconf 89' lang='lat' dir='ltr'><strong>addidi.</strong></span> <span class='ocrx_word' id='word_1_338' title='bbox 581 4189 624 4200; x_wconf 94' lang='grc'><strong>--</strong></span> <span class='ocrx_word' id='word_1_339' title='bbox 651 4153 798 4235; x_wconf 62' lang='lat' dir='ltr'><strong>depudet</strong></span> <span class='ocrx_word' id='word_1_340' title='bbox 819 4158 960 4237; x_wconf 85' lang='lat' dir='ltr'><strong>Geppert.</strong></span> <span class='ocrx_word' id='word_1_341' title='bbox 990 4177 1047 4217; x_wconf 89' lang='lat' dir='ltr'><strong>em.</strong></span> <span class='ocrx_word' id='word_1_342' title='bbox 1078 4185 1115 4196; x_wconf 97' lang='lat'>-</span> <span class='ocrx_word' id='word_1_343' title='bbox 1147 4155 1217 4214; x_wconf 90' lang='grc'><strong>869.</strong></span> 
     </span>
    </p>
   </div>
   <div class='ocr_carea' id='block_1_3' title="bbox 109 4255 1218 4344">
    <p class='ocr_par' dir='ltr' id='par_1_6' title="bbox 109 4255 1218 4344">
     <span class='ocr_line' id='line_1_38' title="bbox 109 4255 1218 4344; baseline -0.012 -20"><span class='ocrx_word' id='word_1_344' title='bbox 109 4257 176 4328; x_wconf 77' lang='lat' dir='ltr'><strong>Mea</strong></span> <span class='ocrx_word' id='word_1_345' title='bbox 187 4269 261 4344; x_wconf 76' lang='lat' dir='ltr'><strong>qaia</strong></span> <span class='ocrx_word' id='word_1_346' title='bbox 276 4266 374 4340; x_wconf 87' lang='lat' dir='ltr'><strong>edidi;</strong></span> <span class='ocrx_word' id='word_1_347' title='bbox 396 4267 566 4343; x_wconf 86' lang='lat' dir='ltr'><strong>superiores</strong></span> <span class='ocrx_word' id='word_1_348' title='bbox 580 4257 742 4338; x_wconf 82' lang='lat' dir='ltr'><strong>„Omnia“;</strong></span> <span class='ocrx_word' id='word_1_349' title='bbox 765 4260 818 4320; x_wconf 86' lang='lat' dir='ltr'><strong>sed</strong></span> <span class='ocrx_word' id='word_1_350' title='bbox 830 4261 858 4319; x_wconf 92' lang='lat' dir='ltr'><strong>h.</strong></span> <span class='ocrx_word' id='word_1_351' title='bbox 869 4261 890 4319; x_wconf 89' lang='lat' dir='ltr'><strong>i.</strong></span> <span class='ocrx_word' id='word_1_352' title='bbox 903 4259 917 4316; x_wconf 94' lang='lat'>1</span> <span class='ocrx_word' id='word_1_353' title='bbox 929 4265 962 4318; x_wconf 92' lang='lat' dir='ltr'><strong>ut</strong></span> <span class='ocrx_word' id='word_1_354' title='bbox 974 4260 1035 4318; x_wconf 88' lang='grc'><strong>873</strong></span> <span class='ocrx_word' id='word_1_355' title='bbox 1047 4257 1138 4336; x_wconf 87' lang='lat' dir='ltr'><strong>paulo</strong></span> <span class='ocrx_word' id='word_1_356' title='bbox 1150 4255 1218 4334; x_wconf 88' lang='lat' dir='ltr'><strong>plus</strong></span> 
     </span>
    </p>
   </div>
   <div class='ocr_carea' id='block_1_4' title="bbox 0 0 1504 5018">
    <p class='ocr_par' dir='ltr' id='par_1_7' title="bbox 0 0 1504 5018">
     <span class='ocr_line' id='line_1_39' title="bbox 0 0 1504 5018; baseline 0 0"><span class='ocrx_word' id='word_1_357' title='bbox 0 0 1504 5018; x_wconf 95' lang='lat' dir='ltr'><strong> </strong></span> 
     </span>
    </p>
   </div>
  </div>
 </body>
</html>
