2982 5012
100 375 316 446 111,1‚s-2‚r
612 333 770 450 Epidicum
896 381 904 394 ⁸
1204 387 1240 446 31

532 567 833 654 Stratippocles

102 673 200 750 Quid
218 675 316 740 illum
335 675 442 742 facere
460 679 520 754 uis,
545 679 609 760 qui,
628 678 690 742 tibi
709 680 785 760 quoi
805 679 941 744 diuitiae
965 677 1052 744 domi
1071 661 1243 762 maxumae

385 795 390 807 ‘
888 793 974 866 sunt,

101 895 240 958 Amicis
260 915 427 966 nummum
444 893 570 959 nullum
588 893 698 972 ha'bes,
716 901 775 960 nec
795 895 899 960 sodali
917 901 974 962 tuo
991 897 1026 960 in
1043 901 1076 960 te
1094 896 1242 978 copiast?
1288 947 1294 964 .

548 1009 822 1090 Chaeribulus

104 1132 139 1196 Si
157 1133 281 1202 hercle
298 1132 448 1212 habeam,
471 1133 628 1216 pollicear
646 1133 777 1212 lnbens;
800 1153 913 1198 uerum
932 1132 1110 1218 aliquando
1132 1135 1243 1216 aliqua

143 1325 147 1332 ι
463 1325 466 1332 Ι
908 1241 1019 1326 aliquo
1042 1243 1139 1308 modo
1192 1261 1240 1313 331

102 1349 277 1414 alicunde
302 1349 344 1413 ab
369 1349 472 1432 aliqui
493 1350 605 1432 aliqua
623 1350 682 1414 tibi
703 1371 777 1433 spes
795 1355 846 1414 est
862 1347 931 1413 fore
950 1350 1048 1415 aliam
1065 1351 1240 1418 fortunam.

529 1480 832 1563 Stratippocles

104 1590 184 1655 Uae
209 1589 281 1668 tibi,
304 1589 461 1670 muricide
484 1587 596 1657 homo!
630 1605 636 1616 ·

546 1696 821 1761 Chaerib'ulus
1128 1749 1132 1759 .

594 1817 597 1830 '
635 1805 695 1881 Qui
720 1805 779 1869 tibi
801 1805 894 1870 lubet
918 1806 997 1870 mihi
1020 1806 1104 1872 male
1128 1805 1242 1892 loqui?
1304 1819 1310 1832 ’

529 1935 831 2024 Stratippocles

107 2045 243 2127 Quippe
269 2051 305 2108 tu
329 2043 406 2108 mihi
431 2045 556 2127 aliquid
581 2044 692 2127 aliquo
716 2044 812 2109 modo
836 2043 988 2110 alicunde
1013 2045 1054 2111 ab
1078 2045 1241 2130 aliquibus

885 2152 992 2234 blatis,
1239 2237 1241 2246 Ι

108 2258 208 2338 Quod
234 2267 436 2342 nusquamst,
459 2281 565 2344 neque
590 2282 648 2343 ego
672 2261 704 2325 id
728 2261 858 2325 inmitto
881 2262 913 2325 in
938 2283 1033 2326 aures
1056 2283 1153 2326 meaa.
1191 2269 1240 2332 335

107 2370 181 2434 Nec
200 2367 281 2432 mihi
299 2367 374 2450 plus
393 2368 572 2433 adiumenti
592 2369 660 2447 das,
680 2389 778 2451 quam
796 2367 850 2432 ille
870 2371 926 2451 qui
944 2391 1121 2454 numquam
1142 2372 1240 2435 etiam

755 2521 758 2528 ι
883 2484 997 2542 natust

173 2671 184 2686 ⁶
271 2713 468 2780 EPIDICUS
493 2714 667 2780 SERUOS.
745 2715 1087 2782 STRATIPPOCLES
1171 2745 1174 2754 ¹

322 2833 633 2912 cunemannus,
700 2833 1035 2942 ADULESCENTEs

460 3055 463 3060 ,
582 2987 777 3071 Epidicus
1165 3067 1168 3072 Α

112 3098 240 3162 l'ecisti
254 3095 348 3180 [iam]
362 3096 505 3162 officium
518 3102 555 3188 tu
567 3079 674 3176 tuum3
697 3117 748 3160 me
760 3117 868 3162 meum
880 3117 967 3161 nuuc
979 3097 1088 3163 lacera
1101 3106 1239 3182 oportet.

115 3205 192 3287 [Per
204 3205 289 3282 hanc
301 3225 412 3270 curam
426 3205 538 3288 quieto
553 3204 614 3269 tibi
625 3206 703 3270 lieet
716 3225 801 3284 esse3
825 3204 888 3269 hoc
906 3206 1037 3288 quidem
1055 3208 1119 3271 ism
1132 3209 1240 3291 periit,

114 3315 164 3379 Ne
186 3313 265 3398 quid
288 3313 350 3379 tibi
372 3311 450 3377 hinc
473 3313 506 3377 in
530 3335 620 3397 spem
643 3313 777 3392 referas,
806 3312 927 3397 oppido
949 3313 1012 3378 hoc
1035 3315 1213 3397 politumst.

116 3419 221 3487 Crede
244 3421 340 3487 modo
363 3421 459 3500 mihi;
483 3422 530 3490 sic
552 3440 612 3503 ego
635 3442 707 3505 ago,
732 3423 779 3486 sie
802 3429 941 3506 egerunt
963 3421 1091 3505 nostri]
1192 3441 1243 3492 340

118 3530 177 3595 Pro
202 3529 235 3594 di
257 3530 457 3606 inmortales,
481 3529 561 3594 mihi
584 3529 670 3594 hunc
688 3530 773 3622 diem
792 3537 829 3594 ut
846 3529 983 3595 dedistis
1001 3528 1219 3594 luculentum!
1318 3529 1322 3545 ’

118 3637 159 3703 Ut
176 3637 303 3703 facilem
322 3646 422 3720 atque
438 3638 684 3721 inpetrabileml
726 3638 790 3703 Sed
808 3659 867 3720 ego
885 3637 962 3703 hine
981 3639 1121 3720 migrare
1141 3659 1241 3718 cosso,

117 3745 158 3810 Ut
180 3749 344 3829 inportem
372 3747 405 3810 in
435 3747 705 3811 coloniamhunc
727 3767 793 3810 meo
821 3747 970 3832 auspicio
1000 3748 1241 3811 commeatum?

183 3917 233 3968 329
251 3916 324 3969 ferre
433 3917 483 3969 330
501 3915 527 3968 Is
546 3916 732 3969 numinullum
837 3917 885 3970 331
905 3933 1005 3970 aerum
1023 3915 1130 3984 aliquid
1149 3917 1243 3984 aliqua

117 4003 164 4054 333
182 3999 330 4054 Alliennde
400 4000 460 4056 lore
477 4019 587 4055 mecum
605 4000 746 4054 sedunam
816 3997 947 4056 33413113
1019 4003 1069 4055 333
1088 4001 1243 4055 adiumenti

117 4086 181 4140 ades
275 4089 326 4141 333
350 4088 425 4155 perit
520 4089 571 4141 339
594 4085 679 4156 Niqui
697 4087 749 4162 tibi
835 4087 967 4157 pollitum
986 4092 1029 4140 est
1122 4087 1242 4140 aso-47

118 4179 215 4238 septem
234 4173 359 4228 umectus
450 4175 498 4226 341
519 4172 592 4226 diem
611 4173 712 4226 dedisti
730 4173 905 4227 luculentum
997 4173 1047 4226 343
1066 4169 1140 4225 huno
1160 4171 1241 4224 Hunc
1325 4171 1328 4178 '

120 4257 237 4325 auspicio
256 4262 443 4312 commeatum
