2976 5018
283 375 342 434 186
763 375 927 430 Cistellaria.

364 567 437 626 Post
460 589 486 626 v.
509 571 569 628 214
590 571 696 646 incipit
713 589 819 647 magna
837 571 889 629 illa
911 573 1026 643 lacuna,
1059 592 1148 648 quam
1172 592 1262 649 snpra
1282 591 1308 647 p.
1330 569 1380 626 174

280 675 580 730 commemoravimus,
636 672 680 730 Eo
702 677 852 750 pertinere
875 675 1015 734 videntur
1038 695 1112 751 qum,
1136 677 1217 732 utin
1236 673 1383 748 elegerat,

280 775 375 832 edidit
392 775 489 832 Maius
508 775 607 833 Plauti
626 775 796 852 Fragment.
815 777 1000 837 Ambrosisn.
1013 799 1042 856 p.
1060 781 1113 850 17;
1137 777 1188 836 sed
1212 785 1242 833 et
1263 778 1383 850 exiguom

280 897 382 936 eorum
406 884 520 955 partem
543 879 626 954 legit,
650 900 703 938 nec
727 899 884 956 numqnem
908 883 939 938 in
961 880 1229 957 legendoerrovit.

364 981 463 1038 Prims
498 1003 585 1041 scena
617 983 776 1041 trochaicis
809 986 987 1060 septenariis
1020 986 1131 1059 scriptu
1164 983 1231 1042 fuit.
1287 982 1385 1038 Alcesi-

279 1083 417 1142 marchus
446 1083 564 1142 domum
592 1105 677 1144 suum
705 1087 885 1144 introiturus
913 1089 955 1146 ibi
985 1107 1040 1164 pro
1069 1085 1187 1144 Selenio
1210 1084 1385 1160 Gymnasium

280 1187 402 1244 invenit.
428 1217 466 1224 -
491 1190 561 1246 218.
584 1208 639 1265 pro
665 1184 763 1260 „tota“
790 1185 823 1248 ιιι
844 1191 958 1266 scripsi.
1014 1188 1251 1248 Alcesimarchus
1273 1187 1386 1262 Gymna-

280 1289 354 1346 sium
378 1293 479 1346 vetare
502 1290 619 1349 videtur
641 1293 702 1348 suis
725 1291 814 1348 rebus
838 1311 955 1351 manum
979 1293 1151 1364 admovere;
1182 1312 1217 1349 ea
1243 1309 1387 1366 numquam

281 1391 441 1466 respondet
464 1411 530 1450 eum
554 1393 716 1452 fideliorem
740 1395 893 1454 custodem
916 1399 1114 1454 inventurum.
1137 1425 1181 1434 -
1204 1396 1273 1452 225.
1294 1390 1327 1451 ιιι
1345 1388 1387 1450 ss'c

282 1487 407 1552 orbatus
430 1491 491 1554 sim
514 1517 569 1574 pro
593 1501 758 1574 corruptis,
792 1518 857 1573 quse
880 1499 975 1557 edidit
997 1499 1110 1569 Maius,
1146 1519 1287 1575 reponere
1309 1515 1387 1555 ansus

281 1617 354 1654 sum.
380 1627 419 1639 ·-
449 1601 520 1656 227.
554 1597 704 1671 „mecnm“
730 1603 830 1678 priore
854 1602 917 1660 loco
941 1621 1041 1660 errore
1064 1602 1210 1677 scriptum
1232 1601 1329 1659 deleri.
1350 1629 1386 1638 -

283 1701 353 1759 228.
393 1694 550 1776 Compecti
577 1700 621 1761 stt
649 1709 822 1781 corruptum
852 1709 913 1777 est3
949 1723 1017 1763 num
1051 1704 1233 1779 „Compedes
1252 1749 1258 1761 .
1276 1701 1323 1762 ,Ὗ
1352 1733 1386 1742 --

281 1803 419 1862 Proxime
441 1825 560 1881 qnoque
583 1811 635 1864 snt
658 1807 815 1866 admodum
837 1813 978 1884 corrupto
997 1813 1048 1866 ent
1066 1809 1142 1866 male
1160 1807 1237 1866 lecta
1253 1806 1387 1864 videntur.

283 1907 316 1966 V.
342 1910 401 1966 229
425 1927 480 1984 pro
508 1907 639 1981 „tribus“
665 1911 790 1967 fortasse
821 1907 965 1987 „quibns“
998 1911 1195 1970 scribendum.
1253 1912 1309 1970 232
1338 1928 1387 1986 pro

284 2008 365 2084 „est“
381 2009 530 2089 Ladewig.
546 2010 613 2086 „es“
634 2013 737 2086 voluit,
760 2019 794 2070 ut
810 2012 1045 2072 Alcesimarchus
1063 2034 1080 2072 s
1098 2013 1257 2088 Gymnasio
1279 2017 1387 2090 querat,

282 2113 352 2190 qnid
376 2115 433 2173 sibi
456 2116 570 2174 consilii
593 2115 652 2174 det.
709 2116 765 2173 Sed
795 2116 874 2195 quod
902 2136 993 2176 unum
1022 2117 1177 2174 consilium
1207 2118 1271 2175 duri
1293 2121 1387 2194 potest,

281 2217 311 2274 id
335 2236 362 2275 r.
388 2221 448 2276 257
478 2239 522 2295 sq.
546 2219 655 2292 legitur
683 2221 808 2277 senariis
839 2221 998 2296 scriptum,
1032 2226 1066 2277 nt
1099 2219 1135 2277 ad
1164 2220 1252 2278 eliam
1285 2237 1387 2280 sconem

280 2323 431 2398 pertinere
443 2329 594 2399 appareat,
613 2343 647 2380 uc
664 2321 729 2380 fieri
747 2328 856 2398 potest,
876 2328 909 2380 ut
920 2321 1108 2380 scribendum
1121 2309 1174 2380 sit:
1203 2328 1286 2402 „quis
1299 2329 1388 2382 auctor

281 2445 359 2483 nunc
381 2425 454 2482 mihi
476 2422 560 2482 est?“

366 2526 408 2587 Ut
429 2533 463 2584 ut
485 2534 543 2600 est,
574 2527 813 2588 Alcesimarchus
837 2533 894 2587 iam
918 2530 1014 2588 abisse
1037 2529 1170 2601 videtur,
1199 2537 1233 2589 ut
1256 2531 1386 2588 Selenium

281 2651 366 2688 snam
383 2635 545 2708 quaererem
570 2629 760 2706 Gymnasium
781 2637 880 2689 sutem
898 2633 979 2690 intro
997 2633 1030 2703 it,
1055 2638 1089 2690 ut
1106 2632 1219 2690 abitum
1237 2653 1273 2690 ex
1290 2631 1386 2691 edibus

281 2733 506 2808 Alcesimarchi‚
529 2755 615 2811 quos,
639 2741 794 2811 postquem
817 2736 882 2813 ipss
905 2735 1010 2808 rediit,
1034 2737 1092 2794 ism
1115 2736 1283 2812 relinquere
1304 2736 1387 2812 potest

282 2833 322 2913 (v.
354 2832 441 2914 254),
475 2843 632 2914 praeparet.
687 2838 760 2896 Eius
793 2837 882 2896 verbs
916 2845 986 2896 sunt
1020 2841 1079 2898 235
1110 2859 1168 2914 sq,
1203 2858 1268 2914 quae
1291 2836 1387 2895 Nonius

280 2945 411 3001 servavit
434 2947 573 3017 corrupte
592 2942 644 2999 ille
661 2942 789 3017 quidem,
813 2942 863 3000 sed
887 2943 930 3000 ita
953 2945 986 3000 ut
1003 2941 1088 2999 facile
1105 2941 1256 3000 emendari
1277 2943 1387 3019 possint.

367 3045 585 3104 Alcesimarcho
608 3049 707 3102 autem
730 3045 911 3121 digredienti
933 3047 1044 3102 amicus
1067 3046 1187 3120 quidam
1209 3045 1303 3104 maior
1329 3049 1388 3101 natu

284 3143 324 3223 (v.
340 3145 413 3224 255)
437 3151 554 3207 obviam
572 3151 669 3207 sectus
687 3150 815 3221 videtur,
833 3152 953 3224 quicum
971 3149 1106 3205 miserias
1124 3167 1192 3206 snas
1210 3148 1389 3207 communicet

282 3253 436 3310 consilium
460 3259 489 3310 et
511 3271 597 3330 opem
616 3255 679 3311 eius
696 3252 866 3327 implorans.
910 3251 1079 3308 Trochaicis
1097 3253 1275 3328 septenariis
1291 3252 1390 3327 scripta

281 3354 339 3411 fuit
361 3355 445 3430 prior
467 3375 562 3414 scenae
585 3377 669 3432 pars,
699 3374 757 3431 quo
779 3357 930 3430 pertinent
952 3356 1099 3413 237-38
1124 3375 1141 3411 a
1163 3353 1260 3413 Gellio
1282 3353 1389 3419 servati,

282 3458 389 3534 quibus
407 3457 576 3517 adolescens
595 3462 719 3517 amicum
739 3457 859 3515 fortiter
876 3477 964 3534 egere
982 3457 1072 3530 iubet,
1091 3458 1140 3516 hic
1157 3477 1243 3516 snum
1262 3477 1324 3516 esse
1345 3457 1390 3513 hoc

282 3568 382 3638 negat.
440 3563 510 3620 238.
546 3555 641 3620 Potin
670 3577 703 3620 es
737 3564 854 3637 scripsi.
911 3560 1091 3620 Adolescens
1125 3561 1219 3636 magis
1252 3563 1390 3634 magisque

282 3669 419 3724 incensus
443 3668 499 3723 iam
523 3666 554 3721 in
577 3664 705 3722 furorem
730 3666 866 3738 vertitur,
890 3670 924 3722 ut
946 3685 1027 3722 arma
1045 3664 1178 3741 postulet
1194 3670 1226 3721 et
1244 3665 1389 3721 exercitum

283 3768 320 3826 ad
344 3769 422 3826 aedes
444 3769 517 3826 lenae
540 3767 758 3845 expugnandas.
814 3767 884 3825 Haeo
903 3771 1018 3825 mutato
1037 3771 1131 3825 metro
1150 3769 1276 3825 senariis
1294 3769 1390 3842 scripta

283 3877 361 3930 sunt.
418 3872 585 3930 240-260
609 3869 830 3930 Studemundus
859 3873 889 3929 in
918 3870 1018 3928 Herm.
1041 3869 1056 3926 1
1078 3888 1107 3945 p.
1133 3872 1193 3928 299
1224 3870 1330 3943 edidit,
1359 3865 1387 3923 cl.

284 3974 826 4051 lnd.schol.Gryphisw.1871-72
851 3995 878 4052 p.
897 3975 926 4031 9.
951 4001 991 4012 -
1015 3974 1085 4032 240.
1111 3973 1216 4031 Hiatus
1240 3977 1271 4032 in
1294 3989 1389 4031 cesum

285 4085 355 4137 ente
383 4076 424 4150 ei,
458 4079 516 4136 nisi
549 4078 625 4135 forte
658 4097 758 4151 „arma
788 4073 875 4134 mihi“
908 4076 1171 4153 transponendum.
1200 4106 1241 4116 --
1278 4077 1334 4134 243
1354 4094 1387 4149 sq·

284 4183 454 4242 Exercitum
483 4182 548 4241 vult
578 4201 727 4259 magnum,
759 4180 810 4238 sed
834 4180 1017 4256 expeditum,
1047 4173 1188 4238 lutcus
1222 4183 1252 4237 et
1284 4173 1389 4239 sceldes,

284 4288 433 4364 Sequitur,
466 4289 491 4344 si
520 4285 723 4344 Studemundo
757 4285 913 4355 credimus,
948 4282 995 4340 hic
1029 4290 1059 4339 et
1087 4283 1148 4340 248
1177 4281 1306 4350 „Multos
1337 4297 1389 4338 cum
