3030 5050
790 409 878 462 Plauti
1160 417 1204 481 w,
1224 423 1248 476 2.
1271 423 1368 485 12—3,
1388 425 1404 474 4

709 597 854 662 Pardal
866 600 953 684 isca

693 703 780 769 Nihil
804 707 955 789 equidem
978 713 1137 793 speculor.

712 877 951 961 Lysidamus

272 1089 320 1154 Tu
344 1090 397 1154 hie
420 1099 571 1170 cunctam
593 1095 683 1158 intus
706 1094 762 1158 alii
786 1095 948 1161 festinant.

706 1267 949 1332 Pardalisca

1000 1379 1055 1444 Eo.

709 1518 948 1601 Lysidamus

269 1626 329 1690 Abi
353 1625 438 1699 hine,
462 1627 516 1702 sie,
541 1646 627 1707 ergo.
652 1647 878 1710 pessumarum
902 1651 1061 1712 pessuma.
1344 1655 1403 1704 745

268 1735 380 1799 Iamne
404 1734 487 1799 abiit
509 1733 625 1799 illaec?
658 1711 785 1800 'Dicere
810 1737 863 1800 hic
887 1737 1018 1821 quiduis
1041 1739 1126 1803 lieet.

268 1844 329 1921 Qui
352 1851 451 1920 amat,
475 1822 583 1907 tamen
608 1844 714 1908 hercle
739 1847 766 1908 si
789 1847 902 1912 esurit.
926 1846 1050 1911 nullum
1073 1849 1184 1912 esurit.

268 1951 330 2015 Sed
355 1973 465 2016 eccum
491 1953 697 2034 progreditur
721 1973 794 2016 eum
817 1974 940 2018 corona
963 1963 996 2018 et
1018 1955 1169 2039 lampade

267 2060 357 2123 Meus
380 2061 500 2135 socius,
524 2081 654 2143 conpar,
678 2064 887 2142 commaritus⁵
913 2064 1039 2128 uilicus¹

585 2473 776 2539 OLYMPIO
822 2473 1061 2541 LYSIDAMUS

732 2663 778 2728 Ol
810 2686 843 2729 m
878 2665 914 2729 io

264 2770 330 2851 Age
353 2770 491 2848 tibicen„
517 2772 594 2837 dum
617 2772 704 2837 illam
729 2686 872 2838 eduyeunli
896 2772 958 2838 hue
981 2794 1101 2838 nouam
1123 2781 1258 2856 nuptam
1281 2774 1394 2853 foras,

263 2879 364 2944 Suaui
383 2888 481 2944 cantu
503 2881 698 2946 concelebra
715 2903 842 2947 onmem
860 2881 946 2947 hane
963 2883 1104 2964 plateam
1123 2882 1312 2964 hymenaeo.
1334 2907 1392 2958 ⁷51

415 2989 451 3053 lo
475 2989 591 3072 hymen
615 2989 790 3072 hymenaee
813 2989 944 3072 hymen!

699 3161 939 3244 Lymdamus

260 3268 345 3346 Quid
369 3270 447 3351 agis,
471 3289 544 3334 mea
567 3270 679 3335 salue?

728 3412 908 3498 Olympio

737 3521 855 3586 Esurio
878 3521 994 3599 hercle,
1018 3529 1117 3605 atque
1141 3522 1223 3588 adeo
1246 3522 1313 3590 hau
1328 3576 1383 3593 ...

700 3691 938 3775 Lysidamus

339 3825 380 3886 go
405 3823 488 3869 amo.

258 3973 484 3986 *mno—

343 4063 394 4113 744
412 4061 476 4114 hine
547 4062 596 4114 746
614 4059 732 4129 quoduis
751 4057 809 4112 BE
884 4059 933 4110 747
951 4055 1061 4123 QuidI
1126 4061 1176 4112 749
1194 4075 1307 4116 aocerne

257 4145 409 4200 iniiciieE
472 4143 750 4201 SERUUSSENEX
826 4142 922 4197 DUB
1008 4147 1055 4196 751
1076 4145 1203 4198 himeneo
1278 4149 1377 4203 maio

257 4233 338 4286 etiam
356 4240 420 4286 aute
437 4235 552 4287 alienum
570 4233 669 4300 hymen
689 4232 722 4293 A.
750 4231 823 4282 Meio
848 4231 938 4282 himen
963 4230 1054 4282 himen
1084 4247 1115 4282 ae
1139 4248 1171 4284 eo
1190 4230 1282 4284 himen
1302 4231 1380 4287 BIE

256 4319 518 4384 753hausi..·.A,
538 4319 611 4372 haud
632 4315 791 4371 sieioBIE
