2982 5004
277 332 340 395 244
760 291 901 422 Epidicus.

276 524 329 582 illa
360 523 478 598 mulier,
513 545 549 583 cx
582 545 643 602 qua
668 524 851 602 Periphanes
884 521 975 584 tiliam
1009 527 1193 600 susceperat,
1229 526 1397 600 postquem

276 649 308 687 re
336 645 407 688 vera
439 631 527 704 capto
561 629 673 706 oppido
705 627 796 686 liliam
830 627 942 700 amisit,
982 625 1112 686 Athenas
1144 627 1229 685 venit
1261 625 1398 702 puellum

276 750 419 808 quaerens.
476 729 546 802 Quae
577 729 629 788 ubi
656 729 817 808 Periphani
850 728 967 790 obviem
1000 727 1079 788 iacta
1111 733 1157 788 est
1190 733 1223 788 et
1252 731 1335 786 inter
1365 748 1398 786 se

275 837 475 910 agnoverunt,
504 851 618 892 euna
646 851 710 890 cnm
733 832 839 892 latitia
860 851 927 891 enm
950 834 1008 892 iam
1030 831 1122 892 filiam
1143 831 1202 891 sihi
1225 835 1396 890 mercatum

275 957 339 996 esee
361 935 455 1010 audit,
478 934 531 994 sed
553 933 712 1011 producta,
736 953 824 1012 quam
845 955 900 1013 pro
922 934 985 994 filia
1007 935 1087 996 domi
1108 935 1208 1008 hehet,
1230 933 1395 1012 Acropoli-

275 1039 353 1099 stide
374 1037 508 1112 fidicina,
543 1057 625 1098 suam
648 1057 711 1096 esee
734 1043 838 1116 negat,
872 1044 902 1097 et
929 1057 1019 1098 senex
1040 1057 1072 1098 ee
1091 1040 1125 1114 in
1146 1039 1248 1115 priore
1271 1055 1397 1113 quoque
1472 1047 1473 1084 ἓ

275 1143 424 1220 emptione
446 1140 601 1220 deceptum
625 1159 688 1200 esee
710 1141 801 1199 ridet.
846 1140 910 1213 Quo
931 1143 1010 1202 facto
1033 1141 1102 1200 dum
1120 1144 1215 1202 iratus
1232 1138 1395 1217 Epidicum
1472 1179 1473 1210 ,

276 1247 399 1323 quaerit,
428 1249 463 1304 ut
485 1263 550 1304 eum
574 1244 700 1302 maximo
722 1242 869 1321 supplicio
892 1244 1015 1318 alliciat,
1047 1241 1168 1304 interitu
1191 1246 1394 1322 argentarius,
1472 1281 1473 1332 ἒ

275 1351 357 1408 cuius
380 1367 470 1424 opera
493 1352 525 1407 et
546 1346 670 1423 pecunia
691 1345 790 1424 puella
812 1367 848 1405 ex
870 1347 970 1426 preda
993 1351 1090 1426 empta
1108 1353 1186 1420 erat,
1220 1365 1283 1405 eam
1306 1345 1396 1404 Sira·
1472 1333 1473 1374 l

273 1450 398 1528 tippocli
431 1449 561 1510 adducit.
615 1447 670 1506 Est
700 1454 798 1508 autem
826 1471 862 1508 ea
890 1453 954 1528 ipsa
980 1451 1127 1528 Philippa
1154 1456 1185 1509 et
1213 1449 1395 1526 Periphanis

274 1553 344 1628 lilia,
366 1559 397 1612 et
417 1552 573 1630 Epidicus,
608 1555 659 1646 qui
683 1551 754 1612 olim
783 1573 847 1610 cum
876 1553 961 1613 donis
988 1553 1027 1613 ad
1048 1573 1112 1612 eam
1134 1559 1259 1630 epatre
1282 1555 1395 1610 missus

274 1662 347 1730 erat,
362 1675 442 1715 ·eam
465 1657 610 1732 agnoscit.
662 1655 726 1728 Qua
755 1675 787 1714 re
815 1656 1020 1716 animadversa
1042 1655 1158 1716 abiecto
1179 1657 1258 1715 omni
1280 1659 1394 1716 timore

274 1763 384 1818 certam
405 1759 542 1826 victorie,
560 1778 642 1835 spem
666 1757 795 1836 concipit
817 1765 855 1832 et,
882 1761 967 1838 quasi
989 1778 1043 1818 sua
1065 1779 1156 1837 opera
1178 1763 1209 1818 et
1231 1759 1392 1834 diligentia

273 1866 391 1940 reperta
413 1863 453 1920 sit
475 1861 538 1920 lilia
558 1860 749 1938 Periphauis,
783 1881 841 1920 non
868 1876 955 1941 poena
982 1861 1035 1920 sed
1056 1863 1179 1939 premio
1206 1883 1237 1920 ae
1265 1861 1390 1940 dignum

273 1963 356 2038 dicit,
373 1970 405 2024 et
418 1985 437 2024 a
453 1965 563 2025 stolido
581 1985 649 2024 sene
666 1963 836 2024 libertatem
848 1966 958 2025 additis
976 1968 1065 2024 etiam
1084 1966 1204 2024 cibariis
1215 1971 1389 2043 extorquet.

357 2065 501 2127 Fabulam
528 2085 635 2143 magna
662 2068 811 2128 hilaritate
837 2069 982 2146 insignem
1009 2067 1109 2126 Plauti
1144 2069 1307 2145 aequalibus
1336 2069 1389 2127 ad·

197 2181 203 2192 ·
274 2167 392 2228 modum
415 2169 571 2248 piaculare,
594 2171 731 2230 novimus
753 2189 788 2228 ex
810 2169 914 2230 Bacch.
939 2173 997 2254 ⁸211
1023 2191 1083 2249 eq:

314 2269 413 2329 Etiam
434 2271 599 2350 Epidicum,
622 2293 710 2352 quem
732 2291 787 2350 ego
809 2271 938 2334 sahulem
955 2291 1046 2352 aeque
1063 2293 1097 2334 ac
1119 2293 1165 2334 me
1188 2275 1284 2350 ipsum
1308 2293 1386 2348 amo,

314 2372 433 2433 Nullam
456 2395 549 2452 aeque
572 2377 684 2435 inuitus
707 2381 817 2453 specto,
840 2378 865 2434 si
885 2378 951 2468 agit
971 2377 1075 2438 Pellio.

271 2476 394 2535 Poetam
407 2479 513 2554 ipsum
535 2479 609 2538 hanc
631 2479 762 2538 fabulam
785 2481 893 2538 ceteris
916 2481 1091 2556 praetulisse,
1115 2499 1151 2538 ex
1171 2480 1232 2540 illie
1250 2481 1384 2540 semibus

201 2629 206 2640 .
271 2579 348 2637 effici
375 2598 435 2638 non
461 2585 576 2659 potest,
609 2601 669 2641 non
696 2602 756 2660 quo
783 2581 931 2656 dubitem,
966 2583 1037 2660 quin
1066 2583 1159 2660 ipsius
1188 2582 1288 2643 Plauti
1314 2585 1383 2658 sint,

271 2681 324 2740 sed
351 2701 405 2741 nec
434 2683 510 2743 illud
538 2685 641 2744 dieunt
667 2705 723 2744 nec
751 2685 788 2744 ab
817 2686 883 2764 ipso
905 2689 995 2762 poeta
1015 2687 1260 2764 pronuntiantur,
1294 2687 1384 2748 aeda

271 2783 415 2860 Chrysalo
444 2805 544 2860 serre,
579 2807 638 2864 quo
666 2807 753 2847 nemo
782 2791 877 2865 magis
899 2788 1056 2866 Epidicum
1085 2789 1250 2849 aemulatur.
1304 2790 1383 2850 lllud

271 2885 407 2962 efficitur,
430 2890 578 2968 placuisse
599 2889 731 2949 fabulam
754 2896 785 2950 et
806 2895 872 2968 ipso
894 2891 998 2952 Plauto
1021 2893 1137 2952 vivente
1159 2893 1272 2970 saepius
1288 2897 1381 2954 aetam

271 3007 345 3049 eese.
390 2992 474 3064 Quod
497 2995 521 3052 si
544 2995 575 3051 in
597 3013 629 3052 re
651 3013 793 3070 perquam
817 2993 916 3068 dubia,
940 2973 1012 3072 quid
1030 2996 1196 3072 suspiceris,
1218 2995 1383 3074 significare

271 3091 353 3166 licet,
386 3093 543 3174 Epidicum
556 3117 625 3155 mon
647 3096 741 3156 solum
765 3103 834 3156 ante
856 3097 1018 3158 Bacchides
1039 3099 1193 3174 scriptam,
1213 3099 1275 3157 sed
1296 3101 1380 3158 etiam

271 3195 350 3253 inter
371 3197 601 3274 primas'Planti
624 3199 738 3260 fabulae
760 3205 792 3259 et
815 3201 851 3260 ah
875 3201 1063 3261 adulescente
1084 3207 1173 3279 poeta
1194 3203 1302 3262 factam
1319 3221 1381 3262 ease

272 3297 460 3361 crediderim.
504 3301 586 3361 Artis
614 3303 691 3362 enim
719 3303 849 3363 nondum
872 3305 1011 3382 perfectae
1033 3305 1158 3380 vestigia
1179 3305 1228 3374 hia
1249 3305 1310 3366 illic
1331 3325 1379 3385 ep·

260 3417 376 3474 ,parere
397 3403 544 3464 videntur.

329 3503 438 3563 'Inter
466 3506 555 3565 dubie
582 3507 670 3568 huius
697 3511 852 3570 sententia
880 3515 1052 3584 argumenta
1079 3512 1168 3569 etiam
1189 3512 1318 3573 brevitas
1337 3512 1378 3571 fa·

270 3603 348 3664 bulas
380 3605 479 3666 afferri
507 3612 609 3686 possit.
665 3611 748 3670 Hanc
782 3614 860 3672 enim
893 3613 950 3692 ipsi
977 3613 1082 3672 Plauto
1115 3615 1264 3691 imputare
1295 3614 1376 3688 malo,

271 3727 359 3782 quam
379 3714 416 3766 ut
436 3709 594 3772 histriones
617 3713 747 3789 credam,
782 3735 873 3791 quum
900 3715 1030 3774 fabulam
1051 3723 1156 3794 postea
1177 3721 1376 3790 retractarent,

271 3829 307 3867 ex
329 3809 464 3888 longiore
491 3812 654 3875 breviorem
681 3819 799 3891 iecisse,
834 3821 947 3896 quippe
975 3838 1049 3896 quoe
1078 3820 1254 3898 plerumque
1283 3825 1377 3880 contra

271 3915 365 3985 egisse
387 3914 548 3990 rideamus,
576 3923 611 3976 ut
637 3920 791 3982 inutilibus
815 3921 1025 3980 additamentis
1048 3926 1080 3981 et
1100 3923 1179 3981 inani
1202 3915 1376 4002 loquacitate

271 4013 407 4074 Plautum
437 4015 658 4093 amplificarent.
714 4023 746 4082 si
778 4025 845 4101 quis
873 4029 971 4084 autem
1002 4031 1102 4104 partes
1132 4026 1246 4104 aliquas
1275 4027 1374 4086 fabule

271 4117 415 4177 excidisse
436 4123 592 4196 statuerit,
626 4125 789 4186 minoribus
817 4127 953 4205 equidem
981 4127 1094 4188 lacunis
1116 4149 1180 4188 eam
1202 4149 1261 4188 non
1282 4131 1375 4207 paucis

185 4229 190 4234 ·
271 4219 408 4280 laborare
429 4220 533 4300 video,
557 4231 590 4283 ut
612 4231 681 4286 ante
702 4249 730 4290 v.
757 4231 813 4290 191
839 4235 869 4290 et
893 4233 952 4291 356
977 4232 1060 4290 etin
1084 4233 1159 4306 680,
1181 4237 1261 4292 totas
1283 4252 1373 4292 scenae
