2976 5018
607 354 640 406 v.
660 358 731 408 1-a.
1173 365 1231 424 nr

106 549 232 606 12-13
263 552 391 623 systema
419 552 557 606 constans
585 567 620 608 ox
649 569 699 606 sex
729 549 858 627 dipodiis
887 550 1018 609 iambicis
1048 557 1077 610 et
1108 553 1229 630 syllaba.

106 653 233 709 14-15
257 650 402 708 trochaici
425 652 545 708 senarii.
603 654 640 710 16
663 652 808 712 iambicus
831 655 973 712 sanamus.
1023 657 1146 713 17-1e
1170 660 1231 714 tro·

102 754 198 811 chaici
228 754 385 812 octonarii.
449 755 573 812 19—20
601 755 770 814 tetrametri
797 754 954 814 bacehiaci.
1021 759 1057 814 21
1089 757 1233 818 iambicus

101 857 288 915 octonarius.
345 858 383 914 22
417 860 592 915 tetrameter
613 857 795 917 bacchiaous.
851 859 889 917 23
925 859 1067 918 bacchius
1094 879 1160 918 oum
1190 861 1233 920 di·

102 960 198 1037 podia
221 960 356 1018 iambica.
403 960 528 1018 24-25
552 961 748 1037 anapesticus
772 961 942 1020 octonarius
965 981 1030 1020 cum
1054 964 1232 1038 septenario.

104 1065 146 1121 26
170 1062 268 1121 troch.
282 1063 459 1120 octonarius.
507 1065 545 1121 27
569 1062 695 1121 iambica
713 1062 836 1138 dipodia
853 1083 918 1122 oum
932 1063 1059 1124 dimetro
1072 1065 1232 1126 trochaico.

103 1167 234 1224 28-29
254 1167 425 1224 tetramefri
436 1165 594 1224 bacchiaci.
642 1166 682 1224 30
698 1165 868 1224 trochaicus
886 1166 1014 1226 dimeter
1032 1169 1231 1228 catalecticus,

104 1271 144 1327 31
182 1268 279 1327 trech.
309 1269 505 1344 septenarius.
571 1267 610 1326 32
645 1272 763 1327 tetram.
793 1269 976 1329 bacehiaeus.
1034 1271 1072 1328 33
1108 1271 1234 1330 dimeter

101 1371 284 1430 bacchiaaus
306 1391 371 1428 oum
399 1372 634 1449 penthemimere
663 1370 798 1430 iambico.
857 1373 896 1431 34
920 1378 1096 1448 tetrameter
1119 1375 1234 1434 bacchi·

102 1495 186 1532 acus.
240 1475 279 1532 35
302 1479 372 1532 tatr.
396 1473 580 1532 bacehiacus.
625 1474 799 1551 Sequuntur
821 1475 940 1533 iambici
962 1480 1135 1553 septenarii.

196 1580 222 1636 l.
246 1576 405 1650 Selenium,
423 1576 633 1636 Alcesimarohi
653 1576 826 1652 concubina,
839 1577 1031 1654 Gymnasium
1050 1583 1230 1640 meretricem

103 1687 137 1737 et
161 1686 286 1738 matram
310 1682 373 1739 eius
395 1681 491 1738 lenam
514 1679 640 1756 prandio
662 1683 787 1755 accepit.
832 1679 904 1739 (lum
931 1683 968 1740 iis
992 1681 1124 1742 dolorem
1149 1705 1232 1744 sunm

104 1785 315 1852 communicat,
339 1783 419 1859 quod
443 1782 479 1840 ab
502 1803 537 1842 ao
560 1785 635 1854 viro,
660 1802 747 1859 quem
770 1788 856 1854 amet,
880 1785 939 1842 iam
958 1783 1167 1846 discedendum
1185 1791 1233 1862 sit,

103 1887 179 1962 quia
214 1888 238 1943 ia
272 1905 394 1944 uxorem
434 1887 541 1946 ducere
580 1891 712 1963 cogatur.
791 1885 920 1946 Primum
956 1908 1071 1948 versum
1108 1890 1235 1950 afferunt

104 1991 205 2048 Varro
230 1988 265 2046 L.
288 1988 322 2047 L.
347 1987 410 2062 VII,
435 1992 489 2048 98:
527 1989 633 2066 „Apud
662 1988 802 2048 Plautum
833 1989 932 2064 „Quia
960 2009 1016 2064 ego
1050 1995 1174 2053 antehac
1203 2001 1234 2052 ta

104 2094 208 2150 amani
243 2096 274 2148 et
306 2091 379 2150 mibi
413 2095 534 2152 amicam
564 2112 627 2150 esse
657 2087 756 2150 creui“
787 2095 869 2150 arani
897 2094 978 2152 ualet
1007 2093 1167 2155 constitui“
1204 2103 1234 2154 ct

104 2196 280 2254 Priscianus
303 2193 331 2252 X
353 2215 382 2271 p.
408 2196 484 2253 898:
516 2214 624 2267 „corno
647 2197 737 2253 orani.
782 2194 848 2252 Non
872 2197 965 2254 solnm
990 2198 1067 2256 enim
1090 2199 1121 2255 τὸ
1143 2223 1232 2259 mous·
1323 2267 1324 2272 ἵ
1390 2203 1393 2222 “
1459 2197 1462 2208 '

103 2303 187 2365 νίζων
210 2302 292 2374 κρίνω
315 2299 357 2355 alc
379 2297 450 2356 facil
471 2299 664 2375 praeteritum,
689 2296 742 2355 aad
764 2299 856 2356 etiam
880 2319 945 2358 cum
968 2319 1023 2378 pro
1046 2301 1134 2360 vIdso
1158 2305 1231 2362 acci·

103 2405 200 2478 pitur.
257 2398 586 2458 Titinius...Plautns
609 2403 641 2459 in
663 2399 845 2460 Cistellaria:
880 2401 951 2461 Cum
983 2421 1038 2478 ego
1065 2408 1096 2461 te
1125 2407 1231 2477 amnui,

104 2526 172 2563 mea
196 2504 360 2582 Antiphila,
391 2509 421 2562 et
444 2503 516 2561 mihi
540 2507 663 2562 amicam
687 2521 752 2561 esse
776 2501 887 2565 oreui“.
942 2506 1104 2582 antiphilae
1127 2527 1232 2568 nomen

105 2608 237 2665 fortasse
260 2627 296 2664 ex
321 2602 499 2679 „antidhao“
524 2611 622 2665 ortum
654 2613 707 2666 est.
738 2638 778 2648 -
812 2610 841 2667 4.
876 2605 924 2668 e're
946 2602 1100 2682 habitum,
1135 2611 1171 2670 of.
1197 2613 1234 2671 ad

106 2713 176 2770 Aul.
192 2713 264 2770 729.
289 2740 331 2750 —
354 2711 381 2767 6.
405 2703 525 2768 relictis
546 2703 647 2780 rebus,
671 2711 706 2770 of.
720 2711 757 2770 ad
771 2711 858 2790 Epid.
873 2713 943 2772 603.
969 2742 1010 2752 -
1032 2705 1232 2790 frequentem.

106 2813 206 2871 Varro
229 2813 265 2871 L.
283 2813 318 2870 L.
336 2811 401 2886 VII,
426 2815 465 2871 99
493 2811 678 2886 „assiduam“
705 2818 934 2894 interpretatur,
958 2836 1011 2873 nec
1032 2821 1130 2875 tamen
1154 2817 1234 2894 quod

106 2936 188 2994 saepe
212 2935 242 2974 se
266 2917 468 2988 visitaverint,
501 2917 537 2974 iis
566 2920 678 2992 gratias
707 2919 783 2990 agit,
818 2918 868 2975 aed
898 2917 976 2995 quod
1005 2917 1061 2977 boc
1091 2921 1156 2996 ipso
1185 2920 1233 2977 die

107 3022 166 3080 sibi
196 3023 309 3095 praesto
338 3018 459 3077 fuerint.
515 3019 620 3096 Itaque
653 3022 750 3078 minus
779 3025 916 3079 accurata
944 3039 1001 3078 vox
1028 3025 1168 3097 ponitur,
1205 3030 1235 3080 et

109 3127 173 3200 ipse
198 3122 293 3181 Varro
316 3122 415 3180 addit:
444 3123 513 3198 „qui
536 3121 629 3196 adest,
654 3121 826 3196 assiduua“;
850 3123 927 3180 idem
951 3123 1091 3200 frequens
1115 3124 1233 3196 dieitur,

109 3231 144 3284 ut
166 3226 355 3302 infrequens,
386 3226 437 3302 qui
459 3245 518 3283 non
543 3226 639 3300 adest,
663 3225 782 3284 Trucul.
808 3228 878 3286 228.
909 3255 949 3266 ·-
985 3226 1012 3281 7.
1049 3240 1109 3286 uos·
1133 3227 1235 3285 addidi

110 3348 214 3387 versus
238 3347 341 3399 oausa3
365 3327 472 3404 Speug.
496 3327 560 3385 Ref.
584 3350 613 3406 p.
639 3329 699 3386 364
723 3335 774 3387 aut
800 3347 871 3404 „uos
894 3323 1050 3404 magnam“
1076 3336 1129 3388 aut
1149 3352 1235 3408 ,par-

111 3425 279 3508 magnam“.
335 3431 368 3488 ln
394 3430 418 3488 Ε
442 3430 478 3488 ab
501 3432 586 3488 initio
607 3432 666 3496 fuit
687 3427 789 3504 „meo“
803 3451 859 3507 pro
881 3428 965 3506 „eo“,
988 3432 1040 3490 sed
1063 3452 1089 3489 m
1109 3452 1234 3506 erasnm,

110 3533 432 3607 uudeJoergenaenius
458 3535 507 3608 „in
525 3530 579 3591 eo“
604 3535 747 3611 scripturn
772 3533 912 3610 putabat3
942 3535 993 3592 sed
1016 3553 1135 3594 rasuras
1159 3556 1236 3612 saepe

112 3641 177 3714 ipsa
195 3656 298 3695 manus
315 3639 412 3714 prima
428 3638 532 3694 facisse
549 3638 678 3696 videtur.
695 3667 731 3678 ·—
747 3639 775 3696 8.
798 3632 880 3696 istoc
884 3633 998 3712 preire,
1022 3638 1077 3696 tali
1097 3639 1234 3715 prandio.

115 3739 208 3798 Varro
222 3740 255 3798 L.
265 3739 298 3798 L.
312 3738 446 3810 VII,99:
473 3739 565 3813 „illud
584 3740 663 3816 quod
683 3740 804 3798 eaedem
816 3740 1007 3798 mulierculae
1021 3741 1136 3800 dicunt:
1164 3741 1235 3816 „Pol

114 3844 188 3901 istoc
211 3843 331 3919 quidem
354 3861 407 3899 nos
430 3843 526 3920 pretio
545 3842 686 3919 perfacile
703 3849 748 3901 ast
766 3845 972 3920 frequentare,
995 3844 1042 3901 Ita
1061 3847 1091 3900 in
1108 3845 1237 3921 prandio

116 3966 167 4002 nos
189 3945 289 4022 lepide
313 3965 346 4000 aa
368 3944 463 4001 nitIde
486 3941 655 4020 accepisti“,
678 3951 803 4022 apparet
825 3947 935 4005 dicare:
960 3947 1047 4004 facile
1067 3951 1113 4004 eat
1133 3967 1237 4006 curare

117 4055 148 4106 ut
169 4051 302 4120 arsimus,
326 4066 415 4124 quum
438 4053 500 4105 tam
523 4047 596 4104 bene
620 4067 673 4104 uos
696 4045 855 4125 accipias“.
909 4063 967 4106 000
990 4051 1067 4108 enim
1090 4051 1236 4109 obiectum

118 4156 168 4223 est,
192 4143 392 4226 frequentare
408 4151 606 4222 transitivum,
629 4151 800 4227 frequentes
817 4151 950 4223 reddere,
974 4157 1008 4209 ut
1020 4153 1083 4210 Liv.
1097 4153 1236 4224 XXXIII,

120 4254 165 4328 38,
190 4254 243 4311 13:
278 4272 387 4326 „novos
411 4253 531 4311 colonos
554 4251 723 4311 adscribere
747 4259 777 4310 et
799 4255 878 4312 omni
903 4255 990 4312 modo
1014 4253 1235 4332 frequentare“.

1004 4369 1034 4428 ¹2
