2976 5018
271 371 312 432 98
786 357 877 416 Plauti

751 552 912 618 Amicus

272 665 360 732 Geue
384 666 428 730 sis
451 685 524 728 oum
547 683 658 728 amore
680 671 717 727 tu
739 681 895 744 umquem
916 659 1038 727 bellum
1062 659 1246 742 sumpseris,

641 813 971 882 Alcesimarchus

274 929 360 1009 Quid
383 927 525 995 faeiem?

755 1069 917 1131 Amicus

575 1177 624 1242 sd
648 1183 788 1241 matrem
811 1176 880 1240 eius
902 1173 1059 1240 denenies
1082 1176 1228 1254 domum;

275 1291 454 1374 Expurges,
478 1289 575 1365 iures,
597 1307 670 1351 ores
691 1283 811 1349 blende
834 1305 893 1367 per
915 1305 1053 1368 precem,

275 1399 423 1482 Eamque
447 1416 571 1474 exores,
594 1417 636 1460 ne
658 1393 719 1459 tibi
743 1398 941 1458 suscenseat.

672 1559 1003 1626 Alcesimarchus

277 1673 477 1758 Expurgnbo
499 1672 609 1738 hercle
632 1671 743 1734 omnia
766 1668 809 1733 ed
830 1689 966 1734 reuoum
988 1669 1104 1733 ruuim.

279 2434 515 2500 Mulierculsm.
560 2433 610 2497 Ee
628 2431 781 2497 ornetuls
803 2435 832 2498 si
855 2435 906 2514 sit,
931 2442 968 2499 ut
990 2433 1122 2516 quidem
1145 2434 1254 2500 hercle
1277 2433 1391 2506 scitust,

281 2542 483 2625 Quamquam
496 2551 591 2606 uetus
603 2541 791 2607 cantherius
809 2563 889 2613 sum,
909 2545 1007 2610 etiem
1026 2563 1119 2622 nuno,
1140 2551 1177 2607 ut
1196 2565 1256 2626 ego
1274 2546 1388 2627 opinor,

280 2652 460 2716 Adhinnire
483 2649 635 2734 equolam
659 2667 792 2733 possum
817 2668 876 2728 ego
899 2646 992 2730 hene,
1016 2653 1042 2716 si
1068 2652 1165 2715 detur
1187 2653 1258 2717 sols
1280 2652 1346 2716 soli.

711 2793 962 2877 Gymnasium

282 2905 386 2970 Nimis
409 2910 594 2988 opportune
617 2902 696 2966 mihi
719 2905 837 2978 euenit,
861 2903 985 2968 redisse
1009 2903 1301 2982 Alcesimarchum

282 3015 365 3078 Nem
388 3015 458 3078 sole
480 3011 570 3077 nulle
592 3012 727 3075 inuitior
749 3011 835 3076 solet
856 3033 938 3076 esse.

776 3171 903 3236 Senex

981 3281 1031 3346 Me
1055 3290 1187 3358 uocato,
1348 3293 1393 3347 265

283 3369 332 3434 Ne
355 3369 427 3433 sola
449 3369 503 3431 sis.

721 3487 969 3570 Gymnasium

544 3647 550 3660 .
574 3647 581 3658 .
606 3646 614 3660 .
638 3646 644 3658 .
668 3617 741 3661 eum
765 3643 772 3656 .
798 3647 804 3659 .
828 3641 836 3658 .
859 3601 897 3660 tu
919 3616 998 3678 eges
1022 3595 1155 3677 aliquid.

283 3705 386 3769 Nimis
409 3703 518 3787 lepide
541 3706 786 3769 eroonoinnenit
808 3705 908 3769 besee
931 3705 1023 3768 sedis
1046 3703 1316 3780 Alcesimarchus,

284 3813 330 3878 Ut
352 3814 409 3897 qui
431 3815 538 3877 sooete
560 3813 720 3877 iurauerit
740 3813 869 3877 eandem
891 3833 923 3877 se
945 3833 1055 3878 amere
1074 3805 1213 3907 semper.
1468 3881 1469 3904 χ

284 3923 437 3988 Uenerem
463 3943 583 3986 merem
606 3921 690 3986 haee
712 3921 810 3987 aedes
834 3923 931 4001 olent,
956 3924 1034 4005 quie.
1057 3930 1185 3988 ametor
1208 3921 1371 4007 expoliuit.

370 4181 421 4233 260
437 4178 641 4234 horolesomnis
735 4181 782 4232 261
803 4180 874 4233 reite
965 4183 1016 4234 263
1034 4179 1204 4233 Adhinniret
1298 4179 1347 4232 268
1364 4172 1395 4228 Ut

284 4267 332 4338 qui
341 4305 433 4320 ......
452 4264 633 4334 (derideret).
644 4307 650 4318 .
660 4305 667 4320 .
678 4264 748 4320 dnus
759 4308 765 4320 .
775 4308 781 4320 .
793 4283 869 4320 mere
886 4284 964 4335 semp
975 4307 981 4320 .
992 4284 1007 4318 r

955 4371 962 4400 i
