2982 5012
272 365 311 424 70
352 437 355 444 Ι
451 391 456 402 ·
780 356 871 410 Plauti

747 543 914 610 Grumio

271 677 319 742 Tu
342 677 484 742 urbanus
507 698 585 740 uero
610 696 732 755 scurra,
757 675 891 740 deliciae
914 675 1013 760 popli,
1046 661 1075 690 ”

271 787 338 851 Rus
363 786 440 850 mihi
464 795 499 849 tu
523 783 691 848 obiectas?
737 782 820 848 Sane
844 783 949 863 credo,
972 781 1101 863 Tranio.

271 891 364 969 Quod
387 899 420 957 te
443 893 475 957 in
499 881 672 976 pistrinuni
696 893 760 956 sois
782 875 1084 972 actutumtradier.

271 1000 323 1064 Cis
346 998 455 1064 hercle
478 1021 600 1083 paucas
623 987 846 1086 tempestates
869 999 999 1072 Tranio,

270 1109 412 1190 Augebis
434 1109 502 1173 ruri
526 1091 707 1182 numerum,
731 1127 831 1188 genus
854 1105 1008 1170 ferratile.

271 1216 374 1297 Nunc,
398 1216 472 1280 duur
496 1215 558 1279 tibi
580 1214 678 1278 lubet
693 1213 843 1297 licetque.
868 1221 955 1296 pota,
978 1213 1076 1295 perde
1099 1234 1175 1286 reru,

271 1324 447 1408 Corrumpe
471 1325 584 1388 erilem
608 1321 850 1386 adulescentem
876 1329 1052 1406 optumum.

272 1433 347 1496 Dies
371 1440 548 1514 noctesque
572 1430 683 1508 bibite,
706 1430 979 1513 pergraecamini3
1055 1491 1059 1500 Α

269 1541 400 1604 amicas
422 1541 527 1618 emite,
550 1537 703 1617 liberate;
726 1538 851 1621 pascite

269 1647 450 1727 Parasit0s3
474 1655 632 1730 opsonate
655 1645 896 1730 pollucibiliter.

269 1755 411 1820 Haecine
434 1755 605 1819 mandauit
627 1753 696 1832 tibi,
720 1775 817 1836 quom
840 1773 974 1836 peregre
997 1753 1072 1816 hino
1095 1753 1130 1828 it,
1154 1753 1279 1818 senex?

269 1863 391 1928 Hocine
416 1863 512 1928 modo
535 1861 677 1926 hierem
701 1869 846 1926 curatam
871 1859 1013 1925 offendet
1036 1861 1148 1926 suam?
1369 1881 1402 1930 25

269 1970 392 2036 Hocine
416 1971 493 2034 boni
517 1991 586 2034 esse
609 1967 750 2032 officium
774 1970 859 2034 serui
883 1971 1070 2042 existumsts,
1107 1987 1110 1998 ·

272 2077 315 2141 Ut
338 2079 384 2142 eri
407 2080 457 2142 sui
481 2085 669 2160 corrumpat
692 2085 725 2140 et
747 2098 814 2141 rem
839 2075 1017 2140 etlilium?

187 2181 191 2188 '
270 2185 354 2248 Nam
377 2206 436 2267 ego
459 2185 550 2250 illum
573 2191 764 2267 corruptum
788 2185 880 2261 duco,
904 2207 1011 2268 quoin
1025 2184 1074 2248 his
1098 2183 1193 2246 lactis
1216 2185 1349 2250 studet.

271 2291 341 2368 Quo
364 2314 458 2357 nemo
482 2293 629 2376 adaeque
652 2294 823 2356 iuuentute
846 2313 883 2355 ex
907 2293 993 2356 omni
1018 2293 1127 2355 Attica
1174 2317 1194 2352 .“

269 2400 416 2465 Antehac
439 2411 489 2465 est
512 2401 641 2465 habitus
664 2421 782 2484 parcus
805 2419 865 2463 nec
887 2403 989 2482 magis
1013 2399 1193 2464 continens.
1368 2421 1402 2472 30

268 2508 299 2572 Is
323 2529 409 2572 nunc
430 2510 464 2573 in
487 2511 584 2574 aliam
607 2517 732 2592 part-ern
756 2506 898 2590 palmam
921 2508 1076 2592 possidet.

271 2617 400 2681 Uirtute
421 2617 455 2681 id
478 2617 601 2682 factum
624 2625 682 2681 tua
705 2623 737 2680 et
760 2617 949 2696 magisterio
971 2625 1038 2680 tuo.

753 2745 904 2812 Tranio

270 2854 355 2931 Quid
378 2855 448 2934 tibi,
471 2855 601 2927 malum,
625 2875 684 2929 me,
707 2859 766 2918 aut
788 2854 867 2936 quid
891 2874 950 2936 ego
974 2873 1076 2934 agani,
1101 2853 1285 2917 curatiost?

270 2965 318 3026 An
344 2964 413 3026 ruri
436 2983 559 3052 quaeso
583 2984 646 3027 non
672 2970 747 3026 sunt
770 2981 851 3042 quos
874 2981 968 3025 cures
993 2961 1114 3024 boues?

270 3069 374 3134 Lubet
396 3079 519 3160 potare.
543 3091 662 3144 amare,
686 3075 795 3132 scorta
818 3067 950 3146 ducere;

270 3177 333 3242 Mei
357 3180 440 3258 tergi
464 3177 547 3242 facio
571 3177 660 3254 haec,
684 3197 746 3240 non
770 3177 819 3238 tui
842 3174 969 3239 fiducia.

745 3305 909 3372 Grumio

270 3417 373 3493 Quam
396 3397 597 3482 confidente'r
618 3413 802 3498 loquiturl.
824 3413 904 3477 Pfui.
952 3417 955 3424 '

755 3566 906 3630 Tranio
1017 3569 1022 3580 '
1477 3595 1478 3674 p

932 3673 974 3737 At
995 3683 1027 3737 te
1050 3673 1195 3755 luppiter
1477 3681 1478 3760 l

269 3785 375 3867 Dique
399 3804 510 3847 omnes
534 3781 687 3864 perdant!
712 3781 865 3846 oboluisti
891 3781 1013 3860 allium,
1255 3883 1258 3888 Ι

354 4057 387 4108 14
406 4049 543 4123 populis)
613 4053 644 4105 15
663 4051 818 4106 obiectaB
876 4053 905 4105 16
924 4055 961 4106 sis
1032 4049 1201 4103 aaliberaui
1221 4057 1250 4102 to
1271 4049 1297 4102 O
1363 4054 1394 4104 23
1477 4057 1478 4140 l

268 4137 492 4210 pollucibiterC
556 4141 589 4191 24
606 4137 638 4191 iit
701 4140 734 4191 25
752 4135 929 4191 EffundetC
988 4140 1021 4190 27
1039 4141 1065 4189 et
1084 4131 1212 4188 semeio
1275 4138 1312 4190 30
1331 4155 1393 4191 coo·
1477 4141 1478 4168 r

268 4229 358 4280 tineas
377 4227 404 4281 B
471 4226 504 4278 33
522 4239 583 4277 mea
601 4229 633 4277 ut
702 4225 736 4278 34
753 4224 832 4277 bouis
903 4221 1049 4290 arcuere,
1069 4218 1150 4274 futc
1477 4209 1478 4232 ¹
