2970 5006
288 357 349 417 322
719 382 720 389 1
756 351 937 408 Mostellaria

285 548 340 607 tibi
363 547 441 606 dona
462 549 593 622 pretiosa
615 545 681 620 dat,
715 552 750 604 nt
771 547 828 606 tibi
850 548 982 625 placeat,
1015 553 1110 625 tuque
1132 552 1161 608 ei
1182 552 1336 625 morigera
1356 553 1403 609 sis.

284 651 352 710 Non
368 669 443 728 opus
461 655 508 706 est
523 651 625 724 igitur,
643 655 677 708 ut
693 650 754 710 haec
771 652 797 708 oi
815 650 964 722 ostendas,
984 669 1050 727 qna
1068 653 1125 710 iam
1144 671 1199 710 sua
1217 672 1284 710 esse
1301 653 1403 712 noluit.

285 754 382 814 Locus
410 771 499 810 sanus
528 757 588 826 est,
624 753 757 829 quamvis
784 753 898 812 lacunis
928 758 958 811 et
986 753 1201 814 additamentis
1231 762 1405 834 corruptum

283 857 456 936 putaverint
479 853 588 914 Ritsch.
612 855 721 914 Philol.
744 855 808 930 lp.
835 857 893 916 311
918 861 948 914 ct
972 855 1098 916 Lorenn.
1127 887 1171 898 -
1198 859 1272 916 279.
1297 875 1404 930 morea,

284 959 320 1018 ci.
347 959 415 1016 164.
453 957 560 1016 Pseud.
584 958 633 1016 64.
656 987 699 998 ·-
722 960 792 1017 280.
815 953 851 1018 id
871 954 900 1016 ci
919 965 1071 1034 preeunte
1093 959 1205 1035 Pylade
1226 960 1343 1020 Ritsch.
1367 992 1402 1002 -

284 1063 355 1120 281.
379 1061 490 1119 Ritach.
509 1063 676 1138 superiores
698 1066 816 1120 secutus
833 1061 880 1120 ed.
900 1063 1056 1138 „Purpura
1079 1069 1161 1123 aetas
1183 1065 1404 1123 occmcmdsst:

284 1183 385 1222 aurum
404 1170 522 1242 turpent
540 1159 686 1236 mulieri“,
706 1183 831 1240 qnorum
848 1167 951 1239 priora
968 1170 1051 1222 recte
1069 1164 1219 1239 dicuutur,
1238 1170 1405 1244 posteriora

283 1287 372 1344 quum
395 1286 449 1345 par
472 1287 503 1325 se
525 1273 588 1326 tum
610 1267 666 1326 hoc
689 1267 755 1324 leco
777 1286 925 1344 perverse.
977 1267 1109 1342 Buggius
1131 1289 1250 1328 sensum
1274 1273 1405 1328 restituit

283 1369 431 1428 scribens:
457 1370 614 1447 ,Purpura
635 1371 726 1428 aetati
745 1369 939 1428 occultandae
958 1377 987 1429 ct
1004 1390 1107 1428 aurum
1125 1373 1206 1448 turpi
1226 1373 1403 1431 mulierist“.

282 1472 353 1544 Qua
376 1493 465 1550 quum
489 1473 593 1532 durius
616 1473 696 1530 dicta
718 1473 899 1545 viderentur,
923 1473 1059 1550 equidem
1083 1479 1286 1533 tentaveram:
1312 1475 1404 1550 „Pur

282 1597 359 1654 pura
381 1579 474 1634 aetati
497 1577 689 1634 occultandae
711 1585 757 1634 est
779 1583 883 1636 natum
905 1577 995 1652 turpi·
1010 1575 1158 1649 mulieri“‚
1183 1577 1219 1636 ci.
1237 1577 1340 1638 Madv.
1354 1579 1403 1638 Gr.

283 1682 341 1738 211
366 1678 386 1736 b
408 1685 506 1738 annot.
529 1682 560 1754 l;
589 1679 640 1737 sed
663 1701 700 1738 ne
721 1680 768 1738 his
797 1680 915 1756 quidem
938 1681 1010 1738 satie
1034 1678 1161 1738 conlisus
1184 1681 1245 1737 iam
1267 1683 1403 1758 ineptum

281 1801 397 1841 versum
425 1782 540 1842 seclusi.
564 1813 606 1822 --
630 1783 785 1842 283-84.
815 1781 924 1840 Versus
946 1803 964 1840 a
986 1781 1106 1860 Scapha
1136 1783 1254 1859 ingenio
1285 1786 1403 1842 omnino

282 1887 394 1946 alienos
406 1887 470 1944 iure
482 1885 635 1944 damnarit
646 1885 757 1944 Ritsoh.
790 1887 824 1945 ln
841 1889 941 1963 priore
956 1884 1065 1959 „Poste
1077 1881 1278 1963 nequiquam“
1293 1887 1401 1960 edidit,

280 1993 311 2048 in
331 1990 425 2048 altero
449 1989 610 2048 Saracenos
633 1984 785 2049 collinunt
802 2009 858 2048 em.
880 2019 916 2030 -
938 1991 1009 2048 285.
1032 1985 1158 2048 eiGam.
1173 2009 1229 2047 em.
1275 2005 1403 2049 manum

280 2091 327 2152 ed.
349 2112 395 2171 pr.

367 2197 438 2255 286.
472 2193 667 2269 Progreditnr
689 2193 875 2253 Philolaches
903 2200 935 2253 et
961 2195 1100 2254 mulieres
1128 2195 1302 2272 alloquitur.
1350 2192 1401 2254 diu

279 2303 452 2375 corruptum
475 2304 536 2370 est;
563 2297 692 2373 Pyladea
723 2303 802 2372 „tam
825 2294 895 2356 diu“
921 2299 1055 2376 scripsit,
1092 2297 1170 2356 Cam.
1197 2317 1270 2371 „uos
1293 2295 1399 2369 dnae“,

282 2401 361 2479 quod
383 2401 516 2476 plerique
539 2406 731 2478 receperunt,
760 2401 811 2459 vix
833 2405 927 2474 racte;
961 2399 996 2458 R.
1020 2419 1120 2460 rocem
1149 2420 1399 2480 supervacaneam

280 2505 389 2576 omisit,
413 2523 466 2562 nec
489 2503 584 2562 habeo
607 2505 721 2562 melius.
772 2502 830 2561 Sed
853 2502 932 2562 idem
954 2504 1108 2562 licentius:
1141 2503 1235 2576 „Nam
1258 2504 1332 2581 quid
1355 2505 1399 2561 hic

279 2625 332 2665 uos
355 2604 465 2680 agitis?
510 2605 640 2665 PHILE.
663 2605 730 2664 Tibi
752 2625 798 2663 me
821 2625 941 2665 exorno.
981 2599 1110 2666 PHIL'O.
1135 2606 1273 2666 Ornata's
1296 2603 1396 2666 must

281 2705 351 2768 libi
373 2730 389 2767 a
411 2711 500 2768 verbo
522 2706 689 2786 ,placcam“
715 2708 834 2786 pendat.
880 2708 951 2767 Post
976 2706 1144 2786 „placeam“
1169 2709 1268 2768 hiatus
1292 2715 1397 2768 est-

280 2815 351 2872 287.
385 2807 457 2870 Abi.
502 2811 647 2889 Scapham
678 2812 848 2889 alloquitur.
882 2841 924 2850 -
959 2815 1029 2871 289.
1063 2807 1158 2871 Libet
1189 2815 1219 2870 in
1247 2813 1395 2891 principie

278 2935 379 2974 versus
415 2915 528 2974 delevit
565 2914 685 2973 Lachm.
719 2915 758 2972 ad
792 2913 879 2973 Lucr.
916 2935 946 2992 p.
982 2916 1051 2974 389.
1088 2945 1130 2956 --
1171 2915 1262 2988 „mihi
1299 2912 1392 2974 idem“

278 3017 371 3095 Bugg.
401 3047 442 3059 -
472 3017 542 3076 290.
574 3013 650 3077 Mea
673 3012 820 3093 uoluptas
848 3018 893 3075 ed.
917 3037 962 3095 pr.
994 3019 1145 3095 ceterique
1173 3037 1268 3093 usquc
1296 3018 1336 3076 ad
1362 3019 1393 3077 R.

277 3123 383 3199 puella
405 3120 586 3192 tribuerunt,
610 3121 725 3198 reliqua
748 3121 940 3180 adulescenti.
983 3120 1043 3180 Pro
1064 3117 1166 3195 „aam“
1191 3140 1263 3179 vero
1287 3121 1332 3180 ed.
1350 3141 1391 3200 pr.

280 3221 387 3297 ,iam“,
417 3223 528 3282 Gemer.
556 3219 658 3296 „hem“
684 3224 740 3296 ed.,
764 3229 901 3282 neutrum
924 3225 995 3283 satis
1018 3229 1102 3301 apte,
1137 3223 1275 3300 equidem
1301 3226 1390 3283 omisi.

276 3326 388 3385 Bitsch.
411 3332 540 3402 usurp:
573 3325 675 3398 „Hem
698 3329 775 3385 istuc
796 3326 928 3400 verbnm,
951 3347 1015 3385 mea
1037 3327 1187 3403 uoluptas,
1210 3323 1332 3387 uilest“.
1354 3321 1390 3368 -'

277 3432 347 3489 291.
378 3429 504 3488 Amator
525 3428 623 3488 verbis
645 3429 754 3507 puellm
777 3433 906 3504 gavisus,
931 3433 956 3488 si
979 3431 1046 3506 quis
1068 3431 1175 3506 viginti
1197 3431 1285 3489 minis
1309 3435 1389 3500 emat,

275 3551 333 3591 non
356 3553 424 3590 cara
452 3553 515 3592 esse
543 3531 630 3607 dicit;
664 3533 717 3590 illa
743 3532 849 3590 ludens
872 3535 915 3591 ait
937 3553 968 3590 sc
991 3533 1092 3608 decem
1114 3532 1202 3590 minis
1225 3540 1387 3592 contentam

275 3655 348 3694 esse.
401 3632 505 3695 decem
526 3635 640 3694 Acidal.
664 3657 736 3710 em*.;
773 3637 939 3714 superiores
962 3656 1027 3694 cum
1050 3635 1072 3694 C
1097 3633 1277 3710 „decumbe“
1303 3639 1388 3715 scrip·

273 3743 384 3797 serant.
415 3767 452 3778 -
489 3733 563 3797 betae
585 3739 734 3814 emptum,
769 3760 796 3797 v.
821 3739 858 3798 ad
881 3738 989 3817 Amph.
1015 3741 1085 3798 283.
1113 3769 1155 3780 -
1184 3741 1257 3799 292.
1291 3739 1387 3812 Immo,

272 3843 434 3921 respondet
451 3840 643 3914 Philolaches,
667 3847 700 3900 tn
719 3841 791 3900 mihi
809 3841 908 3900 decem
931 3845 1025 3900 minas
1048 3841 1154 3914 debcs;
1177 3859 1247 3901 nam
1268 3845 1388 3921 triginta

273 3948 348 4005 solvi
369 3965 425 4022 pro
448 3945 587 4003 libertate
609 3950 677 4016 tua,
707 3965 831 4022 quarum
859 3947 884 4004 si
914 3945 1020 4022 viginti
1042 3945 1098 4004 tibi
1121 3945 1233 4008 dedero
1256 3947 1295 4006 oh
1318 3947 1386 4005 illud

272 4050 410 4122 verbum,
439 4048 540 4106 decem
563 4047 730 4107 restabunt.
780 4043 845 4122 uel,
869 4069 897 4108 v.
921 4048 960 4106 ad
981 4049 1091 4126 Amph.
1116 4050 1188 4112 910.
1235 4043 1388 4110 rationem

267 4153 356 4227 puta,
381 4173 409 4212 v.
432 4153 469 4210 ad
491 4149 593 4210 Aulul.
619 4150 689 4211 519.
717 4181 760 4192 -
788 4153 858 4211 294.
889 4145 1109 4228 obprobraricr
1131 4151 1179 4212 ed.
1202 4172 1266 4229 pr.;
1299 4152 1385 4229 paulo

271 4257 391 4332 gravim
413 4254 533 4314 videtur
555 4275 642 4332 quam
670 4255 867 4333 exprobrare,
902 4275 1079 4333 quamquam
1108 4255 1229 4332 paulum
1256 4256 1385 4328 intereat,
