2982 5012
103 367 144 433 11,
156 372 178 434 1,
189 369 294 435 aaa
394 397 406 417 .
579 363 754 445 ¹russum

105 557 136 622 la
159 557 244 623 adeo
269 565 306 621 tu
329 577 374 621 es.
420 553 506 632 Quid
529 559 587 632 est,
612 555 699 638 quud
722 553 911 639 pudendum
934 557 996 621 siet

105 665 236 730 Genere
260 670 374 730 natam
396 663 483 728 bono
506 684 683 748 pauperem
708 664 839 730 domum

105 775 234 840 Ducere
257 793 402 850 uxorem,
426 763 723 855 praesertim‘eam
746 791 812 854 qua
834 793 873 837 ex
897 773 958 837 tibi

104 881 338 948 Conmemores
361 881 455 958 hauc,
479 900 563 962 quae
587 879 719 960 domist,

315 988 431 1053 Filiam
454 987 671 1072 prognatam?
714 1007 716 1014 ’

543 1117 795 1201 Periphanes

104 1209 276 1272 Reuereor
298 1203 413 1270 filium.
456 1217 463 1234 ·

560 1289 785 1371 Apoecides

364 1389 856 1480 'Mfflwmmffi

103 1507 260 1586 Uxorem,
284 1528 382 1590 quem
406 1513 443 1572 tu
468 1507 623 1584 extulisti,
645 1506 773 1589 pudore
796 1509 940 1590 exsequi,

102 1615 230 1692 Quoius
254 1616 405 1698 quotiens
429 1615 615 1697 sepulcrum
637 1613 741 1693 uides,
759 1597 927 1680 ‘sacrificas
1048 1689 1052 1696 ¹
1155 1687 1157 1694 ¹

102 1723 181 1789 Ilico
207 1723 293 1788 Orco
316 1722 442 1801 hostiis,
465 1723 677 1806 neque-adeo
700 1723 830 1802 iniuria,

103 1832 189 1907 Quia
212 1815 373 1897 licitumst
396 1853 468 1897 eam
493 1831 553 1896 tibi
577 1830 718 1895 uiuendo
741 1831 882 1896 uiuoere.
927 1849 933 1862 ·

465 1969 467 1973 '
544 1961 800 2046 Periphanes

480 2111 531 2137 „
925 2046 1023 2138 01ιὶΙ
1182 2067 1232 2117 rso

104 2155 270 2222 Hercules
295 2177 354 2238 ego
376 2155 434 2224 lui.
460 2155 535 2219 dum
559 2155 616 2218 illa
638 2175 765 2218 mecum
781 2151 861 2233 duit,

100 2263 218 2348 Neque
243 2271 338 2328 sexta
360 2283 515 2328 aerumna
543 2263 692 2327 acerbior
715 2263 845 2326 Herculi
870 2255 1049 2345 quam'illa
1071 2263 1151 2329 mihi
1174 2264 1231 2329 ob-

873 2373 1000 2438 iectast.

555 2457 779 2538 Apoecides

102 2566 224 2631 Pulcra
247 2565 363 2649 edepol
388 2566 447 2630 dos
472 2566 650 2648 pecuniast.

525 2688 799 2772 ·Peripheues

634 2796 725 2874 Quae
749 2797 880 2882 quidem
904 2799 959 2882 pol
981 2819 1046 2863 non
1070 2799 1229 2864 maritast.

35 3097 38 3108 ·
146 3063 879 3191 00101000000000.0001001108
941 3104 1222 3195 10000000,-
1298 3127 1301 3134 ·

502 3223 634 3290 sauss
658 3225 756 3290 uuo.
813 3223 838 3288 c

538 3413 764 3497 ⁴Epidicus

261 3520 311 3586 Stl
346 3519 476 3600 Pacete,
499 3520 619 3586 habete
642 3521 785 3586 animum
807 3521 938 3586 bouum.

259 3627 400 3712 Liquido
424 3649 503 3707 exeo
526 3631 672 3712 auspicio
696 3630 793 3708 foras,
816 3629 871 3694 aui
893 3629 1036 3693 sinistra.
1182 3648 1231 3700 185

106 3737 244 3802 Acutum
268 3737 410 3802 cultrum
433 3737 549 3816 habeo,
572 3741 659 3802 senis
682 3740 737 3820 qui
760 3743 946 3802 excuterem
969 3738 1203 3821 marsuppium.

172 3911 220 3961 171
242 3909 290 3976 qui
308 3905 365 3962 Des
384 3907 460 3975 quod
478 3907 505 3962 Β
627 3909 675 3960 172
694 3925 791 3975 parem
808 3907 843 3974 A,
861 3907 909 3962 sed
926 3909 957 3962 in
974 3922 1059 3975 maru.
1078 3923 1231 3978 pauperem

109 3993 153 4046 173
170 3993 281 4048 Ducere
299 3997 328 4046 te
347 4009 463 4046 uxorem
481 3994 515 4047 A.
534 3992 651 4061 Reliqua
665 3995 794 4061 proximo
811 3995 904 4048 verm
922 3993 1006 4048 addit.
1082 3995 1131 4046 174
1149 3992 1227 4047 dom·

110 4083 149 4131 oet
164 4079 188 4132 A
268 4079 316 4130 175
335 4077 468 4132 familiam
486 4079 513 4133 B
589 4083 637 4132 179
655 4079 742 4132 horco
753 4079 842 4132 ¹ostiis
860 4078 887 4131 A
960 4080 1008 4132 183
1026 4079 1186 4133 maritatsst
1202 4077 1230 4130 B

109 4153 243 4220 masos
262 4179 313 4218 oa.
331 4165 358 4218 A
437 4163 644 4220 recumules
665 4161 900 4220 rumpemus
919 4163 948 4218 a
1045 4166 1094 4218 1s4
1113 4163 1144 4218 st
1162 4164 1229 4217 ares-

110 4250 199 4304 laceto
218 4250 323 4304 habete
337 4249 364 4302 B
455 4251 504 4302 185
522 4265 582 4304 urm
600 4252 768 4304 antecedenti
784 4265 867 4306 ocrea
883 4249 974 4318 impie
990 4249 1025 4303 B.

1025 4358 1057 4410 2ss
