<?xml version="1.0" encoding="UTF-8"?>
<!DOCTYPE html PUBLIC "-//W3C//DTD XHTML 1.0 Transitional//EN"
    "http://www.w3.org/TR/xhtml1/DTD/xhtml1-transitional.dtd">
<html xmlns="http://www.w3.org/1999/xhtml" xml:lang="en" lang="en">
 <head>
  <title>
</title>
<meta http-equiv="Content-Type" content="text/html;charset=utf-8" />
  <meta name='ocr-system' content='tesseract 3.04.00' />
  <meta name='ocr-capabilities' content='ocr_page ocr_carea ocr_par ocr_line ocrx_word'/>
</head>
<body>
  <div class='ocr_page' id='page_1' title='image "./tmacciiplautico03ussigoog_0124.png"; bbox 0 0 2976 5018; ppageno 0'>
   <div class='ocr_carea' id='block_1_1' title="bbox 62 375 1186 447">
    <p class='ocr_par' dir='ltr' id='par_1_1' title="bbox 62 375 1186 447">
     <span class='ocr_line' id='line_1_1' title="bbox 62 375 1186 447; baseline 0.012 -19"><span class='ocrx_word' id='word_1_1' title='bbox 62 375 112 443; x_wconf 91' lang='lat' dir='ltr'>Ill,</span> <span class='ocrx_word' id='word_1_2' title='bbox 133 377 249 447; x_wconf 80' lang='lat' dir='ltr'>rs—lv,</span> <span class='ocrx_word' id='word_1_3' title='bbox 269 383 290 447; x_wconf 90' lang='lat' dir='ltr'>l,</span> <span class='ocrx_word' id='word_1_4' title='bbox 309 381 326 434; x_wconf 87' lang='lat'>8</span> <span class='ocrx_word' id='word_1_5' title='bbox 561 377 726 433; x_wconf 79' lang='lat' dir='ltr'>Cistellaria.</span> <span class='ocrx_word' id='word_1_6' title='bbox 1127 383 1186 442; x_wconf 88' lang='lat'>113</span> 
     </span>
    </p>
   </div>
   <div class='ocr_carea' id='block_1_2' title="bbox 62 566 1082 759">
    <p class='ocr_par' dir='ltr' id='par_1_2' title="bbox 62 566 1082 759">
     <span class='ocr_line' id='line_1_2' title="bbox 64 566 1082 651; baseline 0.001 -22"><span class='ocrx_word' id='word_1_7' title='bbox 64 566 123 630; x_wconf 86' lang='lat' dir='ltr'>Ubi</span> <span class='ocrx_word' id='word_1_8' title='bbox 146 569 240 646; x_wconf 86' lang='lat' dir='ltr'>estis,</span> <span class='ocrx_word' id='word_1_9' title='bbox 263 569 377 633; x_wconf 77' lang='lat' dir='ltr'>serui?</span> <span class='ocrx_word' id='word_1_10' title='bbox 421 567 591 633; x_wconf 86' lang='lat' dir='ltr'>Occludite</span> <span class='ocrx_word' id='word_1_11' title='bbox 615 568 707 632; x_wconf 89' lang='lat' dir='ltr'>aedis</span> <span class='ocrx_word' id='word_1_12' title='bbox 731 569 880 651; x_wconf 80' lang='lat' dir='ltr'>pessulis,</span> <span class='ocrx_word' id='word_1_13' title='bbox 904 567 1082 651; x_wconf 77' lang='lat' dir='ltr'>repagulis,</span> 
     </span>
     <span class='ocr_line' id='line_1_3' title="bbox 62 673 816 759; baseline 0.005 -22"><span class='ocrx_word' id='word_1_14' title='bbox 62 673 135 739; x_wconf 87' lang='lat' dir='ltr'>Ilico</span> <span class='ocrx_word' id='word_1_15' title='bbox 156 677 216 742; x_wconf 84' lang='lat' dir='ltr'>ubi</span> <span class='ocrx_word' id='word_1_16' title='bbox 239 676 327 742; x_wconf 91' lang='lat' dir='ltr'>hanc</span> <span class='ocrx_word' id='word_1_17' title='bbox 351 697 411 759; x_wconf 81' lang='lat' dir='ltr'>ego</span> <span class='ocrx_word' id='word_1_18' title='bbox 433 676 575 742; x_wconf 88' lang='lat' dir='ltr'>tetulero</span> <span class='ocrx_word' id='word_1_19' title='bbox 598 677 687 741; x_wconf 82' lang='lat' dir='ltr'>intra</span> <span class='ocrx_word' id='word_1_20' title='bbox 708 675 816 741; x_wconf 89' lang='lat' dir='ltr'>limen.</span> 
     </span>
    </p>
   </div>
   <div class='ocr_carea' id='block_1_3' title="bbox 64 829 1188 1349">
    <p class='ocr_par' dir='ltr' id='par_1_3' title="bbox 64 829 1188 1349">
     <span class='ocr_line' id='line_1_4' title="bbox 526 829 727 897; baseline -0.005 0"><span class='ocrx_word' id='word_1_21' title='bbox 526 829 727 897; x_wconf 80' lang='lat' dir='ltr'>Melaenis</span> 
     </span>
     <span class='ocr_line' id='line_1_5' title="bbox 856 937 1125 1018; baseline -0.004 -15"><span class='ocrx_word' id='word_1_22' title='bbox 856 938 962 1018; x_wconf 71' lang='lat' dir='ltr'>Abiit,</span> <span class='ocrx_word' id='word_1_23' title='bbox 985 937 1125 1004; x_wconf 86' lang='lat' dir='ltr'>abstulit</span> 
     </span>
     <span class='ocr_line' id='line_1_6' title="bbox 64 1046 1188 1132; baseline 0.001 -21"><span class='ocrx_word' id='word_1_24' title='bbox 64 1047 243 1112; x_wconf 85' lang='lat' dir='ltr'>Mulierem.</span> <span class='ocrx_word' id='word_1_25' title='bbox 290 1047 360 1126; x_wconf 92' lang='lat' dir='ltr'>Ibo,</span> <span class='ocrx_word' id='word_1_26' title='bbox 384 1069 565 1132; x_wconf 87' lang='lat' dir='ltr'>persequar</span> <span class='ocrx_word' id='word_1_27' title='bbox 586 1049 651 1112; x_wconf 92' lang='lat' dir='ltr'>iam</span> <span class='ocrx_word' id='word_1_28' title='bbox 674 1049 768 1113; x_wconf 92' lang='lat' dir='ltr'>illum</span> <span class='ocrx_word' id='word_1_29' title='bbox 791 1050 888 1127; x_wconf 88' lang='lat' dir='ltr'>intro,</span> <span class='ocrx_word' id='word_1_30' title='bbox 910 1053 949 1112; x_wconf 91' lang='lat' dir='ltr'>ut</span> <span class='ocrx_word' id='word_1_31' title='bbox 971 1046 1051 1112; x_wconf 89' lang='lat' dir='ltr'>haec</span> <span class='ocrx_word' id='word_1_32' title='bbox 1074 1068 1114 1112; x_wconf 83' lang='lat' dir='ltr'>ex</span> <span class='ocrx_word' id='word_1_33' title='bbox 1138 1068 1188 1112; x_wconf 88' lang='lat' dir='ltr'>me</span> 
     </span>
     <span class='ocr_line' id='line_1_7' title="bbox 780 1158 864 1222; baseline -0.024 0"><span class='ocrx_word' id='word_1_34' title='bbox 780 1158 864 1222; x_wconf 87' lang='lat' dir='ltr'>sciat</span> 
     </span>
     <span class='ocr_line' id='line_1_8' title="bbox 66 1263 1188 1349; baseline 0.005 -23"><span class='ocrx_word' id='word_1_35' title='bbox 66 1263 197 1344; x_wconf 85' lang='lat' dir='ltr'>Eadem,</span> <span class='ocrx_word' id='word_1_36' title='bbox 221 1266 249 1330; x_wconf 89' lang='lat' dir='ltr'>si</span> <span class='ocrx_word' id='word_1_37' title='bbox 274 1287 407 1349; x_wconf 89' lang='lat' dir='ltr'>possum</span> <span class='ocrx_word' id='word_1_38' title='bbox 429 1265 645 1347; x_wconf 87' lang='lat' dir='ltr'>tranquillum</span> <span class='ocrx_word' id='word_1_39' title='bbox 669 1265 777 1330; x_wconf 84' lang='lat' dir='ltr'>lacere</span> <span class='ocrx_word' id='word_1_40' title='bbox 800 1285 840 1330; x_wconf 87' lang='lat' dir='ltr'>ex</span> <span class='ocrx_word' id='word_1_41' title='bbox 862 1265 948 1329; x_wconf 90' lang='lat' dir='ltr'>irato</span> <span class='ocrx_word' id='word_1_42' title='bbox 970 1263 1058 1328; x_wconf 90' lang='lat' dir='ltr'>mihi.</span> <span class='ocrx_word' id='word_1_43' title='bbox 1137 1281 1188 1332; x_wconf 73' lang='lat' dir='ltr'>ase</span> 
     </span>
    </p>
   </div>
   <div class='ocr_carea' id='block_1_4' title="bbox 328 1815 926 1882">
    <p class='ocr_par' dir='ltr' id='par_1_4' title="bbox 328 1815 926 1882">
     <span class='ocr_line' id='line_1_9' title="bbox 328 1815 926 1882; baseline -0.005 0"><span class='ocrx_word' id='word_1_44' title='bbox 328 1816 559 1882; x_wconf 77' lang='lat' dir='ltr'>LAMPADIO.</span> <span class='ocrx_word' id='word_1_45' title='bbox 605 1815 926 1882; x_wconf 76' lang='lat' dir='ltr'>PHANOSTRATA.</span> 
     </span>
    </p>
   </div>
   <div class='ocr_carea' id='block_1_5' title="bbox 69 2011 1190 2854">
    <p class='ocr_par' dir='ltr' id='par_1_5' title="bbox 69 2011 1190 2854">
     <span class='ocr_line' id='line_1_10' title="bbox 519 2011 738 2094; baseline -0.009 -16"><span class='ocrx_word' id='word_1_46' title='bbox 519 2011 738 2094; x_wconf 79' lang='lat' dir='ltr'>Lampadio</span> 
     </span>
     <span class='ocr_line' id='line_1_11' title="bbox 69 2119 1160 2202; baseline 0.004 -20"><span class='ocrx_word' id='word_1_47' title='bbox 69 2119 198 2184; x_wconf 86' lang='lat' dir='ltr'>Nullam</span> <span class='ocrx_word' id='word_1_48' title='bbox 223 2140 284 2202; x_wconf 85' lang='lat' dir='ltr'>ego</span> <span class='ocrx_word' id='word_1_49' title='bbox 308 2141 358 2184; x_wconf 88' lang='lat' dir='ltr'>me</span> <span class='ocrx_word' id='word_1_50' title='bbox 380 2119 505 2185; x_wconf 87' lang='lat' dir='ltr'>uidisse</span> <span class='ocrx_word' id='word_1_51' title='bbox 529 2120 627 2185; x_wconf 89' lang='lat' dir='ltr'>credo</span> <span class='ocrx_word' id='word_1_52' title='bbox 649 2121 753 2202; x_wconf 80' lang='lat' dir='ltr'>magis</span> <span class='ocrx_word' id='word_1_53' title='bbox 776 2140 874 2184; x_wconf 89' lang='lat' dir='ltr'>anum</span> <span class='ocrx_word' id='word_1_54' title='bbox 897 2119 1160 2198; x_wconf 79' lang='lat' dir='ltr'>excruciabilem,</span> 
     </span>
     <span class='ocr_line' id='line_1_12' title="bbox 70 2227 1189 2312; baseline 0.001 -20"><span class='ocrx_word' id='word_1_55' title='bbox 70 2229 171 2305; x_wconf 84' lang='lat' dir='ltr'>Quam</span> <span class='ocrx_word' id='word_1_56' title='bbox 193 2229 288 2293; x_wconf 88' lang='lat' dir='ltr'>illaec</span> <span class='ocrx_word' id='word_1_57' title='bbox 312 2236 377 2293; x_wconf 88' lang='lat' dir='ltr'>est:</span> <span class='ocrx_word' id='word_1_58' title='bbox 406 2249 490 2312; x_wconf 88' lang='lat' dir='ltr'>quae</span> <span class='ocrx_word' id='word_1_59' title='bbox 513 2229 635 2294; x_wconf 92' lang='lat' dir='ltr'>dudum</span> <span class='ocrx_word' id='word_1_60' title='bbox 658 2227 747 2295; x_wconf 86' lang='lat' dir='ltr'>lassa</span> <span class='ocrx_word' id='word_1_61' title='bbox 769 2234 819 2293; x_wconf 87' lang='lat' dir='ltr'>ast</span> <span class='ocrx_word' id='word_1_62' title='bbox 845 2227 939 2306; x_wconf 84' lang='lat' dir='ltr'>milri,</span> <span class='ocrx_word' id='word_1_63' title='bbox 968 2248 1095 2311; x_wconf 87' lang='lat' dir='ltr'>quaene</span> <span class='ocrx_word' id='word_1_64' title='bbox 1118 2229 1189 2294; x_wconf 85' lang='lat' dir='ltr'>inti·</span> 
     </span>
     <span class='ocr_line' id='line_1_13' title="bbox 781 2336 946 2402; baseline 0 -2"><span class='ocrx_word' id='word_1_65' title='bbox 781 2338 847 2402; x_wconf 83' lang='lat' dir='ltr'>tias</span> <span class='ocrx_word' id='word_1_66' title='bbox 870 2336 946 2402; x_wconf 84' lang='lat' dir='ltr'>eat?</span> 
     </span>
     <span class='ocr_line' id='line_1_14' title="bbox 72 2443 1190 2528; baseline 0.003 -20"><span class='ocrx_word' id='word_1_67' title='bbox 72 2445 133 2509; x_wconf 88' lang='lat' dir='ltr'>Sed</span> <span class='ocrx_word' id='word_1_68' title='bbox 156 2465 266 2512; x_wconf 89' lang='lat' dir='ltr'>eccam</span> <span class='ocrx_word' id='word_1_69' title='bbox 289 2465 379 2510; x_wconf 87' lang='lat' dir='ltr'>eram</span> <span class='ocrx_word' id='word_1_70' title='bbox 404 2446 510 2511; x_wconf 89' lang='lat' dir='ltr'>uideo.</span> <span class='ocrx_word' id='word_1_71' title='bbox 557 2443 621 2510; x_wconf 89' lang='lat' dir='ltr'>Sed</span> <span class='ocrx_word' id='word_1_72' title='bbox 651 2445 730 2528; x_wconf 91' lang='lat' dir='ltr'>quid</span> <span class='ocrx_word' id='word_1_73' title='bbox 753 2444 816 2510; x_wconf 90' lang='lat' dir='ltr'>hoo</span> <span class='ocrx_word' id='word_1_74' title='bbox 838 2453 897 2523; x_wconf 88' lang='lat' dir='ltr'>est,</span> <span class='ocrx_word' id='word_1_75' title='bbox 928 2445 1010 2510; x_wconf 90' lang='lat' dir='ltr'>haec</span> <span class='ocrx_word' id='word_1_76' title='bbox 1034 2445 1122 2528; x_wconf 89' lang='lat' dir='ltr'>quod</span> <span class='ocrx_word' id='word_1_77' title='bbox 1145 2447 1190 2512; x_wconf 85' lang='lat' dir='ltr'>ci·</span> 
     </span>
     <span class='ocr_line' id='line_1_15' title="bbox 784 2553 1067 2620; baseline 0 -2"><span class='ocrx_word' id='word_1_78' title='bbox 784 2553 880 2620; x_wconf 90' lang='lat' dir='ltr'>stella</span> <span class='ocrx_word' id='word_1_79' title='bbox 901 2553 956 2617; x_wconf 90' lang='lat' dir='ltr'>hic</span> <span class='ocrx_word' id='word_1_80' title='bbox 978 2555 1067 2618; x_wconf 86' lang='lat' dir='ltr'>iacet</span> 
     </span>
     <span class='ocr_line' id='line_1_16' title="bbox 73 2659 1153 2747; baseline 0.004 -23"><span class='ocrx_word' id='word_1_81' title='bbox 73 2659 150 2726; x_wconf 84' lang='lat' dir='ltr'>Cum</span> <span class='ocrx_word' id='word_1_82' title='bbox 173 2663 372 2746; x_wconf 87' lang='lat' dir='ltr'>crepundiis,</span> <span class='ocrx_word' id='word_1_83' title='bbox 397 2683 456 2728; x_wconf 89' lang='lat' dir='ltr'>nec</span> <span class='ocrx_word' id='word_1_84' title='bbox 479 2681 676 2747; x_wconf 89' lang='lat' dir='ltr'>quemquam</span> <span class='ocrx_word' id='word_1_85' title='bbox 700 2664 873 2745; x_wconf 88' lang='lat' dir='ltr'>conspicor</span> <span class='ocrx_word' id='word_1_86' title='bbox 895 2662 997 2728; x_wconf 91' lang='lat' dir='ltr'>alium</span> <span class='ocrx_word' id='word_1_87' title='bbox 1019 2664 1052 2727; x_wconf 90' lang='lat' dir='ltr'>in</span> <span class='ocrx_word' id='word_1_88' title='bbox 1075 2665 1153 2730; x_wconf 84' lang='lat' dir='ltr'>uia?</span> 
     </span>
     <span class='ocr_line' id='line_1_17' title="bbox 73 2769 1188 2854; baseline 0.005 -22"><span class='ocrx_word' id='word_1_89' title='bbox 73 2769 270 2835; x_wconf 84' lang='lat' dir='ltr'>Faciundum</span> <span class='ocrx_word' id='word_1_90' title='bbox 293 2779 344 2836; x_wconf 87' lang='lat' dir='ltr'>est</span> <span class='ocrx_word' id='word_1_91' title='bbox 367 2770 493 2854; x_wconf 87' lang='lat' dir='ltr'>puerile</span> <span class='ocrx_word' id='word_1_92' title='bbox 517 2769 675 2850; x_wconf 76' lang='lat' dir='ltr'>officium,</span> <span class='ocrx_word' id='word_1_93' title='bbox 698 2773 943 2853; x_wconf 87' lang='lat' dir='ltr'>conquiniscam</span> <span class='ocrx_word' id='word_1_94' title='bbox 965 2771 1007 2836; x_wconf 87' lang='lat' dir='ltr'>ad</span> <span class='ocrx_word' id='word_1_95' title='bbox 1027 2773 1188 2838; x_wconf 91' lang='lat' dir='ltr'>cistulam.</span> 
     </span>
    </p>
   </div>
   <div class='ocr_carea' id='block_1_6' title="bbox 75 2924 770 3118">
    <p class='ocr_par' dir='ltr' id='par_1_6' title="bbox 75 2924 770 3118">
     <span class='ocr_line' id='line_1_18' title="bbox 488 2924 770 2992; baseline 0.004 -3"><span class='ocrx_word' id='word_1_96' title='bbox 488 2924 770 2992; x_wconf 80' lang='lat' dir='ltr'>Phanostrata</span> 
     </span>
     <span class='ocr_line' id='line_1_19' title="bbox 75 3029 489 3118; baseline 0.005 -22"><span class='ocrx_word' id='word_1_97' title='bbox 75 3029 155 3106; x_wconf 86' lang='lat' dir='ltr'>Quid</span> <span class='ocrx_word' id='word_1_98' title='bbox 177 3036 259 3118; x_wconf 86' lang='lat' dir='ltr'>agis,</span> <span class='ocrx_word' id='word_1_99' title='bbox 285 3033 489 3117; x_wconf 84' lang='lat' dir='ltr'>Lampadio?</span> 
     </span>
    </p>
   </div>
   <div class='ocr_carea' id='block_1_7' title="bbox 77 3189 1186 3472">
    <p class='ocr_par' dir='ltr' id='par_1_7' title="bbox 77 3189 1186 3472">
     <span class='ocr_line' id='line_1_20' title="bbox 515 3189 736 3256; baseline 0.005 -2"><span class='ocrx_word' id='word_1_100' title='bbox 515 3189 606 3254; x_wconf 88' lang='lat' dir='ltr'>Lam</span> <span class='ocrx_word' id='word_1_101' title='bbox 642 3189 736 3256; x_wconf 89' lang='lat' dir='ltr'>adio</span> 
     </span>
     <span class='ocr_line' id='line_1_21' title="bbox 202 3212 1186 3370; baseline 0.007 -9"><span class='ocrx_word' id='word_1_102' title='bbox 202 3297 291 3361; x_wconf 88' lang='lat' dir='ltr'>Haeo</span> <span class='ocrx_word' id='word_1_103' title='bbox 314 3296 444 3362; x_wconf 85' lang='lat' dir='ltr'>cistella</span> <span class='ocrx_word' id='word_1_104' title='bbox 466 3212 719 3364; x_wconf 76' lang='lat' dir='ltr'>numnamphinc</span> <span class='ocrx_word' id='word_1_105' title='bbox 741 3297 784 3362; x_wconf 89' lang='lat' dir='ltr'>ab</span> <span class='ocrx_word' id='word_1_106' title='bbox 807 3297 903 3362; x_wconf 89' lang='lat' dir='ltr'>nobis</span> <span class='ocrx_word' id='word_1_107' title='bbox 926 3299 1023 3364; x_wconf 90' lang='lat' dir='ltr'>domo</span> <span class='ocrx_word' id='word_1_108' title='bbox 1047 3301 1119 3366; x_wconf 78' lang='lat' dir='ltr'>est?</span> <span class='ocrx_word' id='word_1_109' title='bbox 1138 3319 1186 3370; x_wconf 80' lang='lat'>491</span> 
     </span>
     <span class='ocr_line' id='line_1_22' title="bbox 77 3401 757 3472; baseline 0.007 -7"><span class='ocrx_word' id='word_1_110' title='bbox 77 3401 151 3467; x_wconf 91' lang='lat' dir='ltr'>Nam</span> <span class='ocrx_word' id='word_1_111' title='bbox 174 3407 247 3469; x_wconf 88' lang='lat' dir='ltr'>hinc</span> <span class='ocrx_word' id='word_1_112' title='bbox 272 3406 313 3470; x_wconf 93' lang='lat' dir='ltr'>ab</span> <span class='ocrx_word' id='word_1_113' title='bbox 337 3407 422 3471; x_wconf 87' lang='lat' dir='ltr'>ostio</span> <span class='ocrx_word' id='word_1_114' title='bbox 445 3407 607 3472; x_wconf 90' lang='lat' dir='ltr'>iacentem</span> <span class='ocrx_word' id='word_1_115' title='bbox 631 3406 757 3471; x_wconf 87' lang='lat' dir='ltr'>sustuli.</span> 
     </span>
    </p>
   </div>
   <div class='ocr_carea' id='block_1_8' title="bbox 487 3525 767 3592">
    <p class='ocr_par' dir='ltr' id='par_1_8' title="bbox 487 3525 767 3592">
     <span class='ocr_line' id='line_1_23' title="bbox 487 3525 767 3592; baseline 0.011 -3"><span class='ocrx_word' id='word_1_116' title='bbox 487 3525 767 3592; x_wconf 87' lang='lat' dir='ltr'>Phanostrata</span> 
     </span>
    </p>
   </div>
   <div class='ocr_carea' id='block_1_9' title="bbox 80 3635 1044 3822">
    <p class='ocr_par' dir='ltr' id='par_1_9' title="bbox 80 3635 1044 3822">
     <span class='ocr_line' id='line_1_24' title="bbox 805 3635 1044 3714; baseline 0.004 -14"><span class='ocrx_word' id='word_1_117' title='bbox 805 3635 889 3714; x_wconf 86' lang='lat' dir='ltr'>Quid</span> <span class='ocrx_word' id='word_1_118' title='bbox 913 3639 1044 3701; x_wconf 85' lang='lat' dir='ltr'>nuntias</span> 
     </span>
     <span class='ocr_line' id='line_1_25' title="bbox 80 3737 283 3822; baseline 0.025 -22"><span class='ocrx_word' id='word_1_119' title='bbox 80 3737 175 3822; x_wconf 86' lang='lat' dir='ltr'>Super</span> <span class='ocrx_word' id='word_1_120' title='bbox 196 3744 283 3807; x_wconf 79' lang='lat' dir='ltr'>anu?</span> 
     </span>
    </p>
   </div>
   <div class='ocr_carea' id='block_1_10' title="bbox 83 3911 295 3924">
    <p class='ocr_par' dir='ltr' id='par_1_10' title="bbox 83 3911 295 3924">
     <span class='ocr_line' id='line_1_26' title="bbox 83 3911 295 3924; baseline -0.005 0"><span class='ocrx_word' id='word_1_121' title='bbox 83 3911 295 3924; x_wconf 40' lang='lat' dir='ltr'>&#39;‘Q—n*</span> 
     </span>
    </p>
   </div>
   <div class='ocr_carea' id='block_1_11' title="bbox 153 3999 1188 4070">
    <p class='ocr_par' dir='ltr' id='par_1_11' title="bbox 153 3999 1188 4070">
     <span class='ocr_line' id='line_1_27' title="bbox 153 3999 1188 4070; baseline 0.006 -18"><span class='ocrx_word' id='word_1_122' title='bbox 153 4000 202 4052; x_wconf 79' lang='grc'>488</span> <span class='ocrx_word' id='word_1_123' title='bbox 221 3999 271 4052; x_wconf 89' lang='lat' dir='ltr'>Ibo</span> <span class='ocrx_word' id='word_1_124' title='bbox 291 3999 353 4066; x_wconf 81' lang='lat' dir='ltr'>BE,</span> <span class='ocrx_word' id='word_1_125' title='bbox 373 3999 454 4054; x_wconf 91' lang='lat' dir='ltr'>lbiI</span> <span class='ocrx_word' id='word_1_126' title='bbox 508 3999 632 4055; x_wconf 86' lang='lat' dir='ltr'>lumenI</span> <span class='ocrx_word' id='word_1_127' title='bbox 680 4003 730 4054; x_wconf 75' lang='lat'>485</span> <span class='ocrx_word' id='word_1_128' title='bbox 750 4001 798 4054; x_wconf 81' lang='lat' dir='ltr'>red</span> <span class='ocrx_word' id='word_1_129' title='bbox 850 4001 1110 4058; x_wconf 80' lang='lat' dir='ltr'>LAMPADISGUS</span> <span class='ocrx_word' id='word_1_130' title='bbox 1125 4001 1188 4070; x_wconf 83' lang='lat' dir='ltr'>BE,</span> 
     </span>
    </p>
   </div>
   <div class='ocr_carea' id='block_1_12' title="bbox 81 4079 1188 4333">
    <p class='ocr_par' dir='ltr' id='par_1_12' title="bbox 81 4079 1188 4333">
     <span class='ocr_line' id='line_1_28' title="bbox 81 4079 1188 4166; baseline 0.012 -22"><span class='ocrx_word' id='word_1_131' title='bbox 81 4079 292 4166; x_wconf 82' lang='lat' dir='ltr'>Lampadic&#39;I</span> <span class='ocrx_word' id='word_1_132' title='bbox 358 4101 426 4156; x_wconf 80' lang='lat' dir='ltr'>Tum</span> <span class='ocrx_word' id='word_1_133' title='bbox 444 4101 559 4156; x_wconf 68' lang='lat' dir='ltr'>additur</span> <span class='ocrx_word' id='word_1_134' title='bbox 578 4101 719 4157; x_wconf 83' lang='lat' dir='ltr'>SERUUS</span> <span class='ocrx_word' id='word_1_135' title='bbox 738 4110 765 4157; x_wconf 78' lang='lat' dir='ltr'>et</span> <span class='ocrx_word' id='word_1_136' title='bbox 781 4103 927 4159; x_wconf 83' lang='lat' dir='ltr'>MULIER</span> <span class='ocrx_word' id='word_1_137' title='bbox 992 4107 1043 4159; x_wconf 84' lang='grc'>487</span> <span class='ocrx_word' id='word_1_138' title='bbox 1060 4105 1109 4158; x_wconf 91' lang='lat' dir='ltr'>illa</span> <span class='ocrx_word' id='word_1_139' title='bbox 1127 4105 1188 4159; x_wconf 84' lang='lat' dir='ltr'>haee</span> 
     </span>
     <span class='ocr_line' id='line_1_29' title="bbox 82 4185 1186 4260; baseline 0.008 -26"><span class='ocrx_word' id='word_1_140' title='bbox 82 4197 133 4246; x_wconf 79' lang='lat' dir='ltr'>quae</span> <span class='ocrx_word' id='word_1_141' title='bbox 150 4185 194 4239; x_wconf 85' lang='grc' dir='ltr'>ΙΕ</span> <span class='ocrx_word' id='word_1_142' title='bbox 265 4189 316 4241; x_wconf 81' lang='grc'>488</span> <span class='ocrx_word' id='word_1_143' title='bbox 335 4189 457 4242; x_wconf 82' lang='lat' dir='ltr'>haeccam</span> <span class='ocrx_word' id='word_1_144' title='bbox 477 4187 507 4240; x_wconf 84' lang='lat' dir='ltr'><em>E</em></span> <span class='ocrx_word' id='word_1_145' title='bbox 589 4191 640 4242; x_wconf 77' lang='lat'>490</span> <span class='ocrx_word' id='word_1_146' title='bbox 658 4205 727 4258; x_wconf 91' lang='lat' dir='ltr'>puer</span> <span class='ocrx_word' id='word_1_147' title='bbox 745 4189 784 4242; x_wconf 94' lang='lat' dir='ltr'>illi</span> <span class='ocrx_word' id='word_1_148' title='bbox 802 4191 827 4259; x_wconf 85' lang='grc' dir='ltr'>Ι,</span> <span class='ocrx_word' id='word_1_149' title='bbox 846 4207 917 4260; x_wconf 84' lang='lat' dir='ltr'>puer</span> <span class='ocrx_word' id='word_1_150' title='bbox 934 4189 962 4243; x_wconf 90' lang='lat' dir='ltr'>ill</span> <span class='ocrx_word' id='word_1_151' title='bbox 981 4189 1012 4244; x_wconf 81' lang='lat' dir='ltr'><em>E</em></span> <span class='ocrx_word' id='word_1_152' title='bbox 1088 4208 1186 4258; x_wconf 87' lang='lat' dir='ltr'>quem·</span> 
     </span>
     <span class='ocr_line' id='line_1_30' title="bbox 83 4273 596 4333; baseline 0.019 -15"><span class='ocrx_word' id='word_1_153' title='bbox 83 4273 195 4333; x_wconf 79' lang='lat' dir='ltr'>quernei</span> <span class='ocrx_word' id='word_1_154' title='bbox 213 4273 300 4329; x_wconf 81' lang='lat' dir='ltr'>eciam</span> <span class='ocrx_word' id='word_1_155' title='bbox 368 4276 420 4327; x_wconf 79' lang='lat'>492</span> <span class='ocrx_word' id='word_1_156' title='bbox 436 4273 530 4328; x_wconf 84' lang='lat' dir='ltr'>hostio</span> <span class='ocrx_word' id='word_1_157' title='bbox 548 4273 596 4328; x_wconf 83' lang='grc' dir='ltr'>ΙΕ</span> 
     </span>
    </p>
   </div>
   <div class='ocr_carea' id='block_1_13' title="bbox 966 4386 984 4438">
    <p class='ocr_par' dir='ltr' id='par_1_13' title="bbox 966 4386 984 4438">
     <span class='ocr_line' id='line_1_31' title="bbox 966 4386 984 4438; baseline 0 0"><span class='ocrx_word' id='word_1_158' title='bbox 966 4386 984 4438; x_wconf 88' lang='grc'>8</span> 
     </span>
    </p>
   </div>
   <div class='ocr_carea' id='block_1_14' title="bbox 0 0 1520 5018">
    <p class='ocr_par' dir='ltr' id='par_1_14' title="bbox 0 0 1520 5018">
     <span class='ocr_line' id='line_1_32' title="bbox 0 0 1520 5018; baseline 0 0"><span class='ocrx_word' id='word_1_159' title='bbox 0 0 1520 5018; x_wconf 95' lang='lat' dir='ltr'> </span> 
     </span>
    </p>
   </div>
  </div>
 </body>
</html>
