3030 5050
758 349 848 404 Plauti
1184 351 1222 416 11,
1241 353 1264 418 e,
1287 355 1374 404 1—14

511 643 702 710 OLYMPIO
726 641 888 709 SERUOS
955 643 1104 709 SENEX.

719 813 763 880 ol
800 837 828 879 m
862 815 900 879 io
987 817 990 826 ’

250 923 323 989 Une
346 923 461 1005 edepol
486 944 586 1006 opere
608 924 641 988 in
665 836 792 987 furnodo
817 838 960 988 odlidum
982 923 1113 989 condito

250 1032 357 1113 Atque
378 1030 424 1094 ibi
448 1037 573 1096 torreto
596 1051 646 1094 me
669 1051 728 1114 pro
752 1051 834 1113 pane
857 1031 984 1096 rubido.

251 1139 326 1216 Era,
350 1159 416 1224 que
438 1141 524 1205 istuo
546 1160 647 1222 opera
670 1160 690 1203 a
713 1161 764 1204 me
786 1141 937 1222 inpetres,
961 1139 1050 1224 quod
1073 1143 1231 1224 postulae.
1324 1163 1380 1216 seo

692 1275 929 1360 Lysidsmus
1091 1363 1098 1378 ·

251 1384 367 1449 Seiuos
391 1405 480 1462 sum;
504 1383 597 1450 selus
621 1404 697 1467 spes
721 1393 781 1462 est,
804 1393 840 1449 ut
863 1385 964 1450 uerba
987 1387 1095 1451 audio.

717 1521 902 1605 Olympio

252 1629 336 1709 Quid
360 1639 395 1694 tu
417 1649 469 1694 me
492 1651 570 1694 uero
593 1629 747 1694 libertate
771 1631 927 1697 territas?

252 1739 346 1819 Quin,
371 1739 397 1802 si
421 1745 457 1802 tu
481 1737 565 1804 uolis
588 1737 742 1822 filiusque
766 1741 864 1803 etiem
888 1749 974 1816 tous,

254 1845 355 1912 Uobis
378 1847 491 1911 inuitis
514 1854 613 1931 atque
636 1847 806 1912 amborum
831 1851 980 1929 ingratiis

130 2029 133 2042 Ι
252 1953 325 2020 Une
346 1954 459 2020 libello
482 1955 564 2020 liber
585 1977 721 2038 possum
743 1954 823 2020 fieri.

694 2081 933 2165 Lysidamus

254 2188 339 2266 Quid
361 2189 449 2254 istuc
472 2194 542 2254 est?
585 2190 723 2268 Quicum
745 2187 867 2271 litigas,
891 2189 1062 2276 Olympio?

723 2314 902 2398 Olympio

256 2422 336 2487 Cum
360 2423 484 2502 eedem,
508 2441 573 2501 que
594 2428 629 2484 tu
654 2445 792 2506 semper.

696 2559 929 2644 Lyffldemus

827 2667 905 2734 Cum
932 2693 1055 2736 uxoren
1078 2675 1172 2738 mea?

719 2788 908 2872 Olympio

131 2923 134 2930 ·
255 2897 360 2975 Quam
385 2905 418 2962 tu
443 2895 521 2961 mihi
546 2898 703 2961 uxorem?
748 2895 849 2973 Quasi
874 2907 1013 2963 uenator
1035 2909 1070 2964 tu
1093 2901 1225 2984 quidem
1250 2923 1300 2980 es;

256 3007 332 3071 Dies
354 3015 454 3090 etque
477 3015 589 3070 nootes
613 3025 684 3070 oum
709 3026 791 3070 eone
814 3015 956 3071 oetatem
980 3010 1090 3090 exigis.

696 3126 936 3209 Lysidamus

255 3235 341 3313 Quid
364 3237 446 3318 egit,
469 3235 548 3318 quid
570 3235 717 3319 loquitur
738 3235 872 3300 tecum?

723 3354 908 3438 Olympio

912 3463 1001 3540 Oret,
1026 3463 1189 3540 obsecret,
1325 3483 1380 3536 ³00

256 3552 303 3616 Ne
327 3551 477 3618 Casinam
501 3571 634 3615 uxorem
658 3548 785 3612 ducam.

698 3667 936 3750 uyddamus

814 3774 899 3852 Quid
924 3785 960 3842 tu
983 3777 1123 3860 posteo?

269 3905 284 3910 ..
293 3903 477 3912 ---—--

343 3982 483 4038 SERUUS
502 3979 656 4036 OLIMPIO
675 3981 733 4035 ΒΕ
856 3984 907 4037 990
924 3999 1007 4052 quem
1026 3983 1109 4036 istem
1230 3983 1383 4050 oporamI

257 4075 307 4126 292
326 4087 391 4124 uere
409 4067 472 4136 ΒΕ,
490 4069 595 4123 horel
652 4069 701 4121 293
720 4066 791 4135 Quid
853 4069 903 4122 994
922 4069 1049 4136 ingratus
1068 4067 1099 4121 Ε
1164 4069 1215 4121 296
1234 4069 1334 4136 legites
1352 4067 1382 4120 Ε

257 4159 307 4212 997
326 4171 436 4224 semper
454 4171 484 4208 es
502 4153 532 4208 E
650 4170 735 4206 uxore
847 4159 896 4208 tue
915 4153 945 4206 Ε
1053 4155 1105 4208 998
1123 4154 1201 4223 quusi
1220 4170 1332 4239 uuorem
1353 4151 1383 4206 Ε

257 4245 308 4296 300
326 4243 365 4296 eit
383 4239 431 4296 ΙΕ
458 4259 460 4264 ’
496 4242 544 4293 901
565 4241 668 4293 eseiam
686 4239 714 4294 B
783 4239 869 4292 duoos
888 4237 918 4292 Ε
