2976 5018
192 347 195 352 ’
259 387 317 447 loe
758 376 867 430 cniu-

254 583 343 652 qu'nm
365 574 389 632 B
411 591 545 632 εοαναεεο
573 571 702 632 videtur.
728 600 766 610 -
787 573 858 630 871.
893 586 949 632 noc
976 573 1047 631 olim
1071 571 1216 632 additum.
1242 599 1284 610 —
1309 572 1373 629 872.

255 673 347 753 atque
369 675 463 753 Gepp.
497 704 538 716 —
573 675 644 732 376.
677 669 762 732 intro
790 667 833 732 ad
858 687 989 733 κωονοαο
1016 687 1084 733 eom
1113 673 1250 750 Seyffert.
1274 673 1373 732 Philol.

254 777 353 837 XXVI
375 798 404 855 p.
430 779 491 836 722
514 795 551 834 ex
572 775 669 834 Nouio
691 794 721 852 p.
746 776 807 834 396
829 795 890 852 eq.:
917 769 1078 850 „Suffme
1099 773 1250 851 significet
1273 773 1374 833 dedere
1467 825 1473 847 ,

254 880 303 939 vel
325 899 502 956 supponere.
559 877 684 938 Plentun
707 877 831 936 Genius:
861 881 940 938 intro
964 877 1002 936 ed
1025 897 1149 938 uxorem
1171 897 1267 936 meum
1291 875 1374 936 eniie-

254 1001 317 1041 rem
340 1000 417 1058 quoe
440 985 470 1038 et
493 999 588 1038 meum
611 985 729 1056 tergum
752 979 791 1038 ob
814 981 961 1038 iniuriam.
1007 980 1089 1038 Idem
1113 980 1248 1039 Poenulo
1272 973 1376 1054 (854):

254 1089 288 1142 nt
310 1085 398 1156 enim,
421 1082 472 1140 ubi
494 1082 567 1142 mihi
583 1082 787 1158 copulandum
804 1087 859 1152 eet,
894 1087 927 1140 tu
951 1082 1064 1140 corium
1088 1077 1245 1140 sufferee“.
1296 1081 1377 1141 Unde

254 1187 371 1244 creticis
399 1185 583 1242 tetremetrie
609 1185 707 1242 locum
735 1184 895 1260 descripsit
923 1187 958 1241 nt
979 1202 1034 1242 αοε
1056 1202 1123 1242 eum
1147 1185 1253 1242 secuti.
1299 1184 1375 1241 Brix.

254 1287 331 1346 Anu.
356 1286 428 1364 phil.
453 1285 491 1345 cl
513 1307 542 1364 p.
568 1287 627 1345 763
651 1305 697 1346 vv.
720 1288 882 1346 ets-81:
910 1288 1029 1358 „neecio
1043 1332 1048 1344 .
1064 1329 1070 1344 .
1085 1329 1091 1342 .
1106 1330 1112 1343 .
1127 1286 1217 1344 redeo
1240 1280 1376 1346 domnm¹‘

254 1393 400 1465 quattuor
427 1388 569 1450 dimetroe
597 1389 764 1448 trocheicoe
792 1389 982 1448 catalecticos
1010 1390 1091 1446 iecit.
1117 1417 1153 1428 -
1187 1390 1260 1447 881.
1283 1401 1378 1464 nequo

254 1485 337 1549 enim
359 1490 478 1564 eddidi3
501 1496 553 1550 eut
574 1493 653 1550 enim
676 1491 732 1550 hoc
754 1489 922 1550 leniendum
941 1495 993 1549 eut
1010 1492 1146 1568 proximo
1164 1509 1269 1550 vernn:
1304 1507 1377 1562 „non

255 1588 343 1652 licet“
368 1592 567 1654 scribendum.
585 1622 626 1634 —
649 1595 721 1652 882.
744 1588 820 1652 istic
835 1594 871 1652 A.
898 1621 935 1632 -
961 1589 1064 1652 tumen
1082 1587 1166 1666 Etsi,
1190 1612 1218 1650 v.
1240 1591 1377 1651 odlloet.

256 1695 349 1755 1147.
367 1723 408 1734 -
427 1697 498 1755 883.
521 1709 570 1754 nte
592 1695 659 1754 edd.
683 1694 778 1773 Gopp.
802 1699 954 1773 preeunte
977 1695 1089 1768 Douma,
1113 1696 1165 1771 qui
1191 1695 1290 1768 „dubo
1311 1713 1378 1772 pro·

253 1799 347 1856 tinem
371 1817 417 1856 me
440 1801 470 1856 in
492 1795 610 1874 lugem“
636 1799 782 1857 volueret.
832 1798 913 1856 Alibi
936 1796 1062 1856 Plentue
1087 1799 1136 1870 „in
1158 1793 1271 1875 pedee“
1297 1799 1378 1868 dixit,

254 1919 282 1958 v.
306 1899 344 1958 ed
371 1898 459 1975 (lept.
485 1901 554 1958 121.
591 1928 628 1940 -
663 1893 753 1959 Helas
786 1901 877 1977 uulgo
905 1899 1075 1976 Olympioni
1103 1901 1207 1972 dntur3
1242 1900 1377 1976 equidem

254 2021 313 2060 non
336 2001 442 2060 dubito
472 2003 544 2078 quin
566 2000 740 2061 Cleostrctoe
769 2005 815 2061 eit.
845 2033 879 2042 -
909 1999 960 2060 sto
981 1995 1054 2061 ilico
1081 2003 1122 2076 A,
1154 2005 1172 2060 i.
1198 2023 1224 2061 o.
1248 2021 1284 2060 εο
1307 2002 1376 2072 loco,

254 2104 307 2162 nbi
326 2123 366 2176 οε,
389 2103 591 2164 v.edBocch.
605 2107 634 2163 7.
669 2103 747 2163 llud.
762 2106 834 2164 825.
868 2104 948 2164 Trin.
968 2107 1039 2163 610.
1062 2134 1100 2144 -
1126 2107 1197 2164 834.
1224 2098 1375 2163 θοοίίίίΔ.

254 2237 296 2248 -
317 2202 350 2266 si
371 2206 484 2266 eddidi.

341 2311 411 2370 885.
437 2309 587 2384 Aulugere
604 2311 723 2368 conanti
740 2308 856 2368 obvium
873 2308 908 2368 lit
924 2309 1067 2369 Chalinus
1085 2331 1122 2368 ex
1139 2309 1253 2369 oedibus
1269 2312 1376 2367 exiens.

254 2413 437 2488 Septenariin
464 2398 622 2470 trocheicie
650 2429 740 2471 scene
767 2411 878 2488 scripte
900 2417 953 2470 est.
977 2439 1018 2452 -
1046 2412 1120 2470 Poet
1142 2409 1176 2470 tu
1198 2411 1313 2484 hiatur,
1346 2415 1378 2468 ut

254 2514 333 2573 Men.
360 2515 429 2574 501.
476 2513 629 2572 Mueller.:
656 2514 732 2587 „tu'e
753 2515 804 2589 qui
828 2515 875 2571 te⁴⁴
903 2514 970 2573 coll.
994 2512 1063 2572 Aul.
1088 2515 1160 2573 260.
1201 2513 1286 2573 Ourc.
1313 2514 1376 2572 162.

254 2615 395 2676 cholinus
423 2617 588 2674 convicium
616 2617 680 2674 oeni
708 2616 795 2689 fucit,
830 2617 916 2692 quusi
944 2615 1122 2692 pudicitiam
1149 2635 1233 2674 suom
1262 2621 1376 2674 tentore

254 2718 404 2790 voluisset,
424 2718 579 2792 virumque
596 2715 753 2776 muliebrio
768 2720 832 2795 peti
850 2719 994 2776 iueeieeot.
1041 2711 1264 2778 Massilienses
1281 2735 1376 2776 moron

254 2839 321 2880 eum
349 2822 433 2897 ecqui
461 2819 548 2892 dioit;
582 2839 650 2878 nem
678 2819 820 2878 Meeeiliae
848 2820 967 2892 incole,
999 2839 1180 2897 quemquem
1208 2819 1317 2879 Strabo
1338 2818 1376 2876 IV

253 2943 282 3000 p.
315 2922 371 2981 131
403 2923 585 2998 σωφροσύνην
613 2941 715 2981 eorum
749 2922 869 2992 laudnt,
904 2927 1004 2980 tumen
1032 2921 1121 2996 vulgo
1151 2920 1375 2982 effeminatione

253 3024 454 3098 habebuntur,
483 3045 510 3084 v.
533 3025 641 3084 Athen.
665 3023 724 3082 XII
746 3043 775 3100 p.
800 3025 860 3083 523
885 3041 914 3082 o:
950 3027 1151 3082 Μασσαλιῶται
1172 3027 1372 3096 ἐθηλύνθησαν
1481 3029 1482 3072 1

255 3127 442 3202 ἀσχημονοῦσι
463 3129 530 3206 χοῦν
553 3129 597 3184 διὰ
619 3129 664 3198 cip
687 3131 714 3182 ἐν
736 3131 794 3192 ταῖς
816 3131 920 3203 ψυχαῖς
937 3130 1080 3201 μαλακίαν,
1103 3129 1147 3184 διὰ
1165 3130 1269 3204 τρυφὴν
1286 3149 1373 3204 moc-
1481 3181 1482 3190 ,

254 3231 449 3296 νοπαθοίιντες
479 3231 547 3288 ὅθεν
576 3231 621 3287 καί
648 3234 782 3306 παροιμία
810 3231 959 3304 παρῆλθον
983 3231 1120 3296 Μλείσαις
1142 3229 1179 3298 είς
1204 3233 1374 3288 Μασσαλίαν.
1481 3237 1482 3306 ξ

254 3330 375 3391 Suidse:
407 3333 451 3390 Ἐκ
474 3336 642 3398 Μασσαλίας
668 3335 745 3404 ἥκεις
773 3333 820 3389 ἐπί
846 3335 898 3388 τῶν
925 3333 1082 3408 θηλυδριῶν
1111 3334 1156 3390 καί
1178 3336 1376 3410 τεθραμμένων,
1481 3345 1482 3358 ³

255 3437 312 3510 παῤ
335 3435 400 3492 ὅσον
421 3437 537 3500 ἐκείνους
559 3437 630 3508 φασί
651 3438 802 3512 θηλύτερον
824 3438 1010 3502 πολίζεσθαι,
1031 3439 1244 3511 μομυρισμίνους
1267 3438 1312 3492 καί
1333 3437 1376 3499 τὰς

252 3541 347 3613 τρίχας
375 3537 584 3611 ἀναδουμένους,
617 3541 663 3596 καί
689 3540 734 3595 διὰ
762 3541 859 3610 ταύτην
887 3541 933 3609 τὴν
965 3542 1101 3614 μαλακίαν
1135 3539 1306 3614 ἀσχημονεῖν.
1337 3567 1375 3578 -

250 3635 403 3715 postulas
427 3661 454 3699 v.
479 3639 517 3698 ed
540 3642 646 3719 Amph.
671 3644 742 3700 357.
773 3670 815 3682 -
844 3645 905 3701 887
929 3661 965 3700 ex
988 3643 1014 3699 A
1036 3643 1210 3721 suppletus,
1235 3661 1326 3720 quum
1347 3643 1376 3698 in

253 3745 361 3802 cotorie
390 3747 420 3802 ot
449 3743 496 3800 hic
525 3761 646 3801 mancus
675 3744 715 3800 eit
743 3748 774 3801 et
800 3750 870 3822 poet
897 3743 977 3803 huno
999 3751 1067 3804 octo
1089 3763 1228 3804 somnum
1251 3746 1376 3821 spetiem

253 3849 365 3923 petent.
409 3844 531 3923 Septem
553 3845 738 3921 septenarios
760 3843 860 3920 fuisse,
884 3848 957 3905 οιΑ
981 3847 1125 3920 novimus,
1149 3848 1233 3906 ouius
1255 3846 1376 3919 vestigio

253 3949 383 4024 primum
405 3945 563 4024 Geppert.‚
594 3946 701 4006 deinde
724 3945 918 4007 Studemund.
942 3948 1042 4006 Herm.
1065 3949 1078 4006 1
1101 3967 1130 4026 p.
1155 3951 1216 4008 235
1240 3969 1304 4027 eqq.
1329 3969 1374 4006 ex-

253 4051 383 4110 tricavit.
421 4043 554 4125 periisti
574 4067 679 4109 venue
701 4069 790 4109 conen
812 4048 1009 4126 scribendum,
1032 4054 1053 4110 i.
1076 4071 1101 4110 c.
1124 4053 1260 4130 perieris,
1282 4053 1319 4112 ci.
1342 4051 1375 4110 ed

254 4151 339 4229 cept
364 4153 436 4211 743.
482 4149 514 4210 Si
536 4153 567 4209 in
590 4151 775 4225 cubiculum,
799 4153 912 4230 inquit,
935 4153 1076 4228 redieris,
1099 4154 1213 4231 peribie
1235 4156 1375 4231 proiecto.

253 4253 379 4330 Propius
406 4272 473 4312 eum
500 4252 585 4312 iubet
611 4253 649 4312 nd
673 4255 877 4328 aescendere,
907 4255 986 4332 quod
1009 4258 1033 4314 oi
1056 4257 1167 4329 iecerit,
1192 4277 1259 4315 eum
1283 4275 1370 4334 vapu-
