<?xml version="1.0" encoding="UTF-8"?>
<!DOCTYPE html PUBLIC "-//W3C//DTD XHTML 1.0 Transitional//EN"
    "http://www.w3.org/TR/xhtml1/DTD/xhtml1-transitional.dtd">
<html xmlns="http://www.w3.org/1999/xhtml" xml:lang="en" lang="en">
 <head>
  <title>
</title>
<meta http-equiv="Content-Type" content="text/html;charset=utf-8" />
  <meta name='ocr-system' content='tesseract 3.04.00' />
  <meta name='ocr-capabilities' content='ocr_page ocr_carea ocr_par ocr_line ocrx_word'/>
</head>
<body>
  <div class='ocr_page' id='page_1' title='image "./tmacciiplautico03ussigoog_0476.png"; bbox 0 0 2982 5004; ppageno 0'>
   <div class='ocr_carea' id='block_1_1' title="bbox 564 325 723 410">
    <p class='ocr_par' dir='ltr' id='par_1_1' title="bbox 564 325 723 410">
     <span class='ocr_line' id='line_1_1' title="bbox 564 325 723 410; baseline 0.025 -8"><span class='ocrx_word' id='word_1_1' title='bbox 564 346 597 402; x_wconf 86' lang='lat' dir='ltr'><strong>v.</strong></span> <span class='ocrx_word' id='word_1_2' title='bbox 616 325 723 410; x_wconf 75' lang='lat' dir='ltr'><strong>m-ee.</strong></span> 
     </span>
    </p>
   </div>
   <div class='ocr_carea' id='block_1_2' title="bbox 82 540 1313 626">
    <p class='ocr_par' dir='ltr' id='par_1_2' title="bbox 82 540 1313 626">
     <span class='ocr_line' id='line_1_2' title="bbox 82 540 1313 626; baseline 0.003 -22"><span class='ocrx_word' id='word_1_3' title='bbox 82 544 266 626; x_wconf 73' lang='lat' dir='ltr'><strong>relinquitur</strong></span> <span class='ocrx_word' id='word_1_4' title='bbox 278 540 409 601; x_wconf 90' lang='lat' dir='ltr'><strong>codicum</strong></span> <span class='ocrx_word' id='word_1_5' title='bbox 421 543 578 620; x_wconf 87' lang='lat' dir='ltr'><strong>scriptura,</strong></span> <span class='ocrx_word' id='word_1_6' title='bbox 597 543 656 605; x_wconf 88' lang='lat' dir='ltr'><strong>duo</strong></span> <span class='ocrx_word' id='word_1_7' title='bbox 672 543 749 605; x_wconf 88' lang='lat' dir='ltr'><strong>fiunt</strong></span> <span class='ocrx_word' id='word_1_8' title='bbox 764 546 883 606; x_wconf 84' lang='lat' dir='ltr'><strong>iambici</strong></span> <span class='ocrx_word' id='word_1_9' title='bbox 890 548 1014 620; x_wconf 76' lang='lat' dir='ltr'><strong>,dimetri</strong></span> <span class='ocrx_word' id='word_1_10' title='bbox 1026 549 1200 626; x_wconf 70' lang='lat' dir='ltr'><strong>catalectici,</strong></span> <span class='ocrx_word' id='word_1_11' title='bbox 1306 551 1313 570; x_wconf 84' lang='lat'>⁸</span> 
     </span>
    </p>
   </div>
   <div class='ocr_carea' id='block_1_3' title="bbox 82 639 1303 736">
    <p class='ocr_par' dir='ltr' id='par_1_3' title="bbox 82 639 1303 736">
     <span class='ocr_line' id='line_1_3' title="bbox 82 639 1303 736; baseline 0.001 -26"><span class='ocrx_word' id='word_1_12' title='bbox 82 671 113 710; x_wconf 79' lang='lat' dir='ltr'><strong>v.</strong></span> <span class='ocrx_word' id='word_1_13' title='bbox 137 647 282 727; x_wconf 80' lang='lat' dir='ltr'>Spengel,</span> <span class='ocrx_word' id='word_1_14' title='bbox 312 645 409 705; x_wconf 89' lang='lat' dir='ltr'><strong>Pleut.</strong></span> <span class='ocrx_word' id='word_1_15' title='bbox 432 665 462 723; x_wconf 87' lang='lat' dir='ltr'><strong>p.</strong></span> <span class='ocrx_word' id='word_1_16' title='bbox 489 649 557 706; x_wconf 82' lang='lat'><strong>143.</strong></span> <span class='ocrx_word' id='word_1_17' title='bbox 581 675 623 688; x_wconf 83' lang='lat'><strong>-</strong></span> <span class='ocrx_word' id='word_1_18' title='bbox 646 649 695 706; x_wconf 84' lang='grc'><strong>61.</strong></span> <span class='ocrx_word' id='word_1_19' title='bbox 721 647 911 708; x_wconf 86' lang='lat' dir='ltr'><strong>Octonerium</strong></span> <span class='ocrx_word' id='word_1_20' title='bbox 933 651 963 736; x_wconf 92' lang='lat' dir='ltr'><strong>in</strong></span> <span class='ocrx_word' id='word_1_21' title='bbox 987 652 1060 711; x_wconf 89' lang='lat' dir='ltr'><strong>duos</strong></span> <span class='ocrx_word' id='word_1_22' title='bbox 1082 658 1201 736; x_wconf 85' lang='lat' dir='ltr'><strong>quster·</strong></span> <span class='ocrx_word' id='word_1_23' title='bbox 1299 639 1303 647; x_wconf 44' lang='lat'>¹</span> 
     </span>
    </p>
   </div>
   <div class='ocr_carea' id='block_1_4' title="bbox 79 749 1212 2992">
    <p class='ocr_par' dir='ltr' id='par_1_4' title="bbox 79 749 1212 2992">
     <span class='ocr_line' id='line_1_4' title="bbox 82 749 1203 831; baseline 0.002 -18"><span class='ocrx_word' id='word_1_24' title='bbox 82 755 187 813; x_wconf 89' lang='lat' dir='ltr'><strong>uarios</strong></span> <span class='ocrx_word' id='word_1_25' title='bbox 216 750 318 810; x_wconf 85' lang='lat' dir='ltr'><strong>divisit</strong></span> <span class='ocrx_word' id='word_1_26' title='bbox 346 749 387 823; x_wconf 78' lang='lat' dir='ltr'><strong>A,</strong></span> <span class='ocrx_word' id='word_1_27' title='bbox 422 770 455 810; x_wconf 86' lang='lat' dir='ltr'><strong>ac</strong></span> <span class='ocrx_word' id='word_1_28' title='bbox 482 751 524 808; x_wconf 87' lang='lat' dir='ltr'><strong>sic</strong></span> <span class='ocrx_word' id='word_1_29' title='bbox 551 749 655 810; x_wconf 84' lang='lat' dir='ltr'><strong>iecisse</strong></span> <span class='ocrx_word' id='word_1_30' title='bbox 682 751 809 826; x_wconf 90' lang='lat' dir='ltr'><strong>mallem,</strong></span> <span class='ocrx_word' id='word_1_31' title='bbox 842 758 876 811; x_wconf 89' lang='lat' dir='ltr'><strong>ut</strong></span> <span class='ocrx_word' id='word_1_32' title='bbox 909 753 939 812; x_wconf 93' lang='lat' dir='ltr'><strong>in</strong></span> <span class='ocrx_word' id='word_1_33' title='bbox 972 756 1115 831; x_wconf 81' lang='lat' dir='ltr'><strong>proximo,</strong></span> <span class='ocrx_word' id='word_1_34' title='bbox 1149 755 1203 815; x_wconf 88' lang='lat' dir='ltr'><strong>sed</strong></span> 
     </span>
     <span class='ocr_line' id='line_1_5' title="bbox 84 851 1201 935; baseline 0.002 -19"><span class='ocrx_word' id='word_1_35' title='bbox 84 856 209 935; x_wconf 89' lang='lat' dir='ltr'><strong>paulum</strong></span> <span class='ocrx_word' id='word_1_36' title='bbox 231 855 336 926; x_wconf 88' lang='lat' dir='ltr'><strong>refert,</strong></span> <span class='ocrx_word' id='word_1_37' title='bbox 360 857 428 912; x_wconf 89' lang='lat' dir='ltr'><strong>utro</strong></span> <span class='ocrx_word' id='word_1_38' title='bbox 451 851 539 912; x_wconf 91' lang='lat' dir='ltr'><strong>modo</strong></span> <span class='ocrx_word' id='word_1_39' title='bbox 561 854 717 913; x_wconf 73' lang='lat' dir='ltr'><strong>scribatur.</strong></span> <span class='ocrx_word' id='word_1_40' title='bbox 739 884 782 894; x_wconf 90' lang='lat'>—</span> <span class='ocrx_word' id='word_1_41' title='bbox 806 855 922 916; x_wconf 76' lang='lat' dir='ltr'><strong>taceam</strong></span> <span class='ocrx_word' id='word_1_42' title='bbox 951 856 1150 933; x_wconf 74' lang='lat' dir='ltr'><strong>optumumst,</strong></span> <span class='ocrx_word' id='word_1_43' title='bbox 1173 879 1201 918; x_wconf 82' lang='lat' dir='ltr'><strong>u.</strong></span> 
     </span>
     <span class='ocr_line' id='line_1_6' title="bbox 85 945 1202 1034; baseline 0.006 -21"><span class='ocrx_word' id='word_1_44' title='bbox 85 963 126 1022; x_wconf 72' lang='lat' dir='ltr'><strong>nd</strong></span> <span class='ocrx_word' id='word_1_45' title='bbox 154 945 235 1020; x_wconf 77' lang='lat' dir='ltr'><strong>Asin.</strong></span> <span class='ocrx_word' id='word_1_46' title='bbox 265 958 336 1015; x_wconf 82' lang='lat'><strong>445.</strong></span> <span class='ocrx_word' id='word_1_47' title='bbox 371 985 408 997; x_wconf 93' lang='lat'><em>-</em></span> <span class='ocrx_word' id='word_1_48' title='bbox 440 957 488 1015; x_wconf 88' lang='lat'><strong>63.</strong></span> <span class='ocrx_word' id='word_1_49' title='bbox 523 951 631 1032; x_wconf 75' lang='lat' dir='ltr'><strong>edepol</strong></span> <span class='ocrx_word' id='word_1_50' title='bbox 660 957 737 1016; x_wconf 81' lang='lat' dir='ltr'><strong>etA</strong></span> <span class='ocrx_word' id='word_1_51' title='bbox 766 962 797 1017; x_wconf 92' lang='lat' dir='ltr'><strong>et</strong></span> <span class='ocrx_word' id='word_1_52' title='bbox 819 951 906 1032; x_wconf 70' lang='lat' dir='ltr'><strong>cett,</strong></span> <span class='ocrx_word' id='word_1_53' title='bbox 934 960 1053 1034; x_wconf 83' lang='lat' dir='ltr'><strong>llitller,</strong></span> <span class='ocrx_word' id='word_1_54' title='bbox 1083 959 1202 1034; x_wconf 73' lang='lat' dir='ltr'><strong>Luchs,</strong></span> 
     </span>
     <span class='ocr_line' id='line_1_7' title="bbox 85 1057 1205 1139; baseline -0.001 -15"><span class='ocrx_word' id='word_1_55' title='bbox 85 1066 191 1124; x_wconf 77' lang='lat' dir='ltr'><strong>(loeta.</strong></span> <span class='ocrx_word' id='word_1_56' title='bbox 208 1057 307 1139; x_wconf 88' lang='lat' dir='ltr'><strong>,pol“,</strong></span> <span class='ocrx_word' id='word_1_57' title='bbox 330 1065 365 1118; x_wconf 90' lang='lat' dir='ltr'><strong>ut</strong></span> <span class='ocrx_word' id='word_1_58' title='bbox 378 1058 501 1133; x_wconf 82' lang='lat' dir='ltr'><strong>,Nescio</strong></span> <span class='ocrx_word' id='word_1_59' title='bbox 514 1103 520 1116; x_wconf 94' lang='lat'><strong>.</strong></span> <span class='ocrx_word' id='word_1_60' title='bbox 535 1103 542 1117; x_wconf 94' lang='lat'><strong>.</strong></span> <span class='ocrx_word' id='word_1_61' title='bbox 557 1105 563 1118; x_wconf 95' lang='lat'><strong>.</strong></span> <span class='ocrx_word' id='word_1_62' title='bbox 576 1057 678 1118; x_wconf 90' lang='lat' dir='ltr'><strong>tuum“</strong></span> <span class='ocrx_word' id='word_1_63' title='bbox 693 1060 835 1120; x_wconf 75' lang='lat' dir='ltr'><strong>iambicus</strong></span> <span class='ocrx_word' id='word_1_64' title='bbox 853 1065 1022 1122; x_wconf 80' lang='lat' dir='ltr'><strong>octonarius</strong></span> <span class='ocrx_word' id='word_1_65' title='bbox 1041 1065 1088 1124; x_wconf 85' lang='lat' dir='ltr'><strong>sit</strong></span> <span class='ocrx_word' id='word_1_66' title='bbox 1131 1065 1205 1124; x_wconf 90' lang='lat' dir='ltr'><strong>Post</strong></span> 
     </span>
     <span class='ocr_line' id='line_1_8' title="bbox 85 1160 1205 1244; baseline -0.003 -16"><span class='ocrx_word' id='word_1_67' title='bbox 85 1168 177 1228; x_wconf 73' lang='lat' dir='ltr'><strong>iteum</strong></span> <span class='ocrx_word' id='word_1_68' title='bbox 199 1163 339 1224; x_wconf 82' lang='lat' dir='ltr'><strong>excidisse</strong></span> <span class='ocrx_word' id='word_1_69' title='bbox 368 1160 496 1239; x_wconf 75' lang='lat' dir='ltr'><strong>aliquid,</strong></span> <span class='ocrx_word' id='word_1_70' title='bbox 527 1180 592 1220; x_wconf 91' lang='lat' dir='ltr'><strong>cum</strong></span> <span class='ocrx_word' id='word_1_71' title='bbox 616 1161 738 1222; x_wconf 85' lang='lat' dir='ltr'><strong>Goetzio</strong></span> <span class='ocrx_word' id='word_1_72' title='bbox 761 1164 863 1239; x_wconf 87' lang='lat' dir='ltr'><strong>oredo,</strong></span> <span class='ocrx_word' id='word_1_73' title='bbox 897 1165 949 1224; x_wconf 90' lang='lat' dir='ltr'><strong>sed</strong></span> <span class='ocrx_word' id='word_1_74' title='bbox 977 1167 1117 1244; x_wconf 87' lang='lat' dir='ltr'><strong>supplere</strong></span> <span class='ocrx_word' id='word_1_75' title='bbox 1145 1185 1205 1226; x_wconf 89' lang='lat' dir='ltr'><strong>nou</strong></span> 
     </span>
     <span class='ocr_line' id='line_1_9' title="bbox 87 1257 1206 1346; baseline 0 -16"><span class='ocrx_word' id='word_1_76' title='bbox 87 1271 192 1343; x_wconf 87' lang='lat' dir='ltr'><strong>audeo,</strong></span> <span class='ocrx_word' id='word_1_77' title='bbox 204 1265 366 1346; x_wconf 88' lang='lat' dir='ltr'><strong>nequehoc</strong></span> <span class='ocrx_word' id='word_1_78' title='bbox 382 1267 494 1336; x_wconf 83' lang='lat' dir='ltr'><strong>incerto</strong></span> <span class='ocrx_word' id='word_1_79' title='bbox 511 1283 575 1325; x_wconf 85' lang='lat' dir='ltr'><strong>voc.</strong></span> <span class='ocrx_word' id='word_1_80' title='bbox 595 1257 720 1341; x_wconf 77' lang='lat' dir='ltr'><strong>Uideor,</strong></span> <span class='ocrx_word' id='word_1_81' title='bbox 738 1268 828 1326; x_wconf 86' lang='lat' dir='ltr'><strong>etiam</strong></span> <span class='ocrx_word' id='word_1_82' title='bbox 846 1268 877 1326; x_wconf 93' lang='lat' dir='ltr'><strong>in</strong></span> <span class='ocrx_word' id='word_1_83' title='bbox 895 1268 922 1327; x_wconf 76' lang='lat' dir='ltr'>A</span> <span class='ocrx_word' id='word_1_84' title='bbox 937 1269 1053 1344; x_wconf 89' lang='lat' dir='ltr'><strong>lectum,</strong></span> <span class='ocrx_word' id='word_1_85' title='bbox 1072 1271 1206 1346; x_wconf 80' lang='lat' dir='ltr'><strong>quamvis</strong></span> 
     </span>
     <span class='ocr_line' id='line_1_10' title="bbox 87 1368 1205 1450; baseline -0.002 -18"><span class='ocrx_word' id='word_1_86' title='bbox 87 1380 119 1433; x_wconf 88' lang='lat' dir='ltr'><strong>et</strong></span> <span class='ocrx_word' id='word_1_87' title='bbox 131 1376 195 1450; x_wconf 88' lang='lat' dir='ltr'><strong>ipse</strong></span> <span class='ocrx_word' id='word_1_88' title='bbox 207 1369 245 1432; x_wconf 86' lang='lat' dir='ltr'><strong>sd</strong></span> <span class='ocrx_word' id='word_1_89' title='bbox 256 1368 463 1430; x_wconf 74' lang='lat' dir='ltr'><strong>antecedentia</strong></span> <span class='ocrx_word' id='word_1_90' title='bbox 473 1369 625 1446; x_wconf 90' lang='lat' dir='ltr'><strong>pertinere</strong></span> <span class='ocrx_word' id='word_1_91' title='bbox 638 1369 765 1446; x_wconf 86' lang='lat' dir='ltr'><strong>credam,</strong></span> <span class='ocrx_word' id='word_1_92' title='bbox 778 1376 893 1430; x_wconf 86' lang='lat' dir='ltr'><strong>mutere</strong></span> <span class='ocrx_word' id='word_1_93' title='bbox 906 1373 1009 1430; x_wconf 88' lang='lat' dir='ltr'><strong>ausim.</strong></span> <span class='ocrx_word' id='word_1_94' title='bbox 1041 1371 1205 1432; x_wconf 84' lang='lat' dir='ltr'><strong>Gulielmus</strong></span> 
     </span>
     <span class='ocr_line' id='line_1_11' title="bbox 87 1467 1205 1548; baseline -0.002 -12"><span class='ocrx_word' id='word_1_95' title='bbox 87 1477 179 1536; x_wconf 81' lang='lat' dir='ltr'><strong>ocni:</strong></span> <span class='ocrx_word' id='word_1_96' title='bbox 207 1478 268 1548; x_wconf 89' lang='lat' dir='ltr'><strong>„its</strong></span> <span class='ocrx_word' id='word_1_97' title='bbox 285 1471 400 1532; x_wconf 88' lang='lat' dir='ltr'><strong>uoltum</strong></span> <span class='ocrx_word' id='word_1_98' title='bbox 417 1475 501 1530; x_wconf 90' lang='lat' dir='ltr'><strong>tuum</strong></span> <span class='ocrx_word' id='word_1_99' title='bbox 516 1467 637 1547; x_wconf 86' lang='lat' dir='ltr'><strong>uideo“,</strong></span> <span class='ocrx_word' id='word_1_100' title='bbox 661 1471 775 1533; x_wconf 78' lang='lat' dir='ltr'><strong>Acidal.</strong></span> <span class='ocrx_word' id='word_1_101' title='bbox 792 1477 854 1547; x_wconf 91' lang='lat' dir='ltr'><strong>„uti</strong></span> <span class='ocrx_word' id='word_1_102' title='bbox 865 1494 894 1535; x_wconf 94' lang='lat' dir='ltr'><strong>u.</strong></span> <span class='ocrx_word' id='word_1_103' title='bbox 906 1480 930 1534; x_wconf 95' lang='lat' dir='ltr'><strong>t.</strong></span> <span class='ocrx_word' id='word_1_104' title='bbox 947 1468 1065 1546; x_wconf 88' lang='lat' dir='ltr'><strong>uideo“,</strong></span> <span class='ocrx_word' id='word_1_105' title='bbox 1085 1473 1205 1534; x_wconf 73' lang='lat' dir='ltr'><strong>Miller.</strong></span> 
     </span>
     <span class='ocr_line' id='line_1_12' title="bbox 92 1572 1205 1656; baseline -0.003 -16"><span class='ocrx_word' id='word_1_106' title='bbox 92 1583 156 1656; x_wconf 84' lang='lat' dir='ltr'><strong>„its</strong></span> <span class='ocrx_word' id='word_1_107' title='bbox 183 1578 298 1637; x_wconf 89' lang='lat' dir='ltr'><strong>uoltum</strong></span> <span class='ocrx_word' id='word_1_108' title='bbox 325 1575 479 1634; x_wconf 89' lang='lat' dir='ltr'><strong>turbatum</strong></span> <span class='ocrx_word' id='word_1_109' title='bbox 506 1572 595 1634; x_wconf 89' lang='lat' dir='ltr'><strong>uideo</strong></span> <span class='ocrx_word' id='word_1_110' title='bbox 623 1573 737 1649; x_wconf 88' lang='lat' dir='ltr'><strong>tuum“,</strong></span> <span class='ocrx_word' id='word_1_111' title='bbox 767 1575 854 1652; x_wconf 84' lang='lat' dir='ltr'><strong>Seyff.</strong></span> <span class='ocrx_word' id='word_1_112' title='bbox 881 1577 942 1650; x_wconf 83' lang='lat' dir='ltr'><strong>,ite</strong></span> <span class='ocrx_word' id='word_1_113' title='bbox 970 1577 1070 1636; x_wconf 87' lang='lat' dir='ltr'><strong>uoltus</strong></span> <span class='ocrx_word' id='word_1_114' title='bbox 1091 1575 1205 1638; x_wconf 84' lang='lat' dir='ltr'><strong>tuust“.</strong></span> 
     </span>
     <span class='ocr_line' id='line_1_13' title="bbox 79 1675 1207 1757; baseline 0 -17"><span class='ocrx_word' id='word_1_115' title='bbox 79 1714 135 1724; x_wconf 89' lang='lat'><strong>·—</strong></span> <span class='ocrx_word' id='word_1_116' title='bbox 157 1685 206 1741; x_wconf 82' lang='lat'><strong>55.</strong></span> <span class='ocrx_word' id='word_1_117' title='bbox 229 1675 279 1740; x_wconf 79' lang='lat' dir='ltr'><strong>hia</strong></span> <span class='ocrx_word' id='word_1_118' title='bbox 300 1677 396 1750; x_wconf 70' lang='lat' dir='ltr'><strong>codd,</strong></span> <span class='ocrx_word' id='word_1_119' title='bbox 419 1677 536 1738; x_wconf 84' lang='lat' dir='ltr'><strong>Mitller.</strong></span> <span class='ocrx_word' id='word_1_120' title='bbox 563 1675 666 1751; x_wconf 84' lang='lat' dir='ltr'><strong>„hiuc“</strong></span> <span class='ocrx_word' id='word_1_121' title='bbox 691 1678 815 1754; x_wconf 84' lang='lat' dir='ltr'><strong>fortasse</strong></span> <span class='ocrx_word' id='word_1_122' title='bbox 837 1684 926 1740; x_wconf 89' lang='lat' dir='ltr'><strong>recte.</strong></span> <span class='ocrx_word' id='word_1_123' title='bbox 970 1681 1004 1740; x_wconf 89' lang='lat' dir='ltr'><strong>lu</strong></span> <span class='ocrx_word' id='word_1_124' title='bbox 1026 1677 1064 1753; x_wconf 89' lang='lat' dir='ltr'><strong>B,</strong></span> <span class='ocrx_word' id='word_1_125' title='bbox 1088 1682 1207 1757; x_wconf 90' lang='lat' dir='ltr'><strong>quicum</strong></span> 
     </span>
     <span class='ocr_line' id='line_1_14' title="bbox 91 1780 1207 1882; baseline -0.004 -36"><span class='ocrx_word' id='word_1_126' title='bbox 91 1785 240 1846; x_wconf 78' lang='lat' dir='ltr'><strong>consentit</strong></span> <span class='ocrx_word' id='word_1_127' title='bbox 260 1784 285 1859; x_wconf 94' lang='lat' dir='ltr'><strong>I,</strong></span> <span class='ocrx_word' id='word_1_128' title='bbox 307 1801 445 1842; x_wconf 81' lang='lat' dir='ltr'><strong>versuum</strong></span> <span class='ocrx_word' id='word_1_129' title='bbox 469 1781 592 1840; x_wconf 84' lang='grc'><strong>64-79</strong></span> <span class='ocrx_word' id='word_1_130' title='bbox 617 1780 771 1864; x_wconf 75' lang='lat' dir='ltr'><strong>discriptio</strong></span> <span class='ocrx_word' id='word_1_131' title='bbox 793 1783 914 1843; x_wconf 85' lang='lat' dir='ltr'><strong>turbata</strong></span> <span class='ocrx_word' id='word_1_132' title='bbox 937 1789 989 1882; x_wconf 69' lang='lat' dir='ltr'><strong>apt.</strong></span> <span class='ocrx_word' id='word_1_133' title='bbox 1045 1783 1207 1843; x_wconf 87' lang='lat' dir='ltr'><strong>Duodecim</strong></span> 
     </span>
     <span class='ocr_line' id='line_1_15' title="bbox 91 1875 1207 1965; baseline -0.004 -15"><span class='ocrx_word' id='word_1_134' title='bbox 91 1909 196 1950; x_wconf 84' lang='lat' dir='ltr'><strong>versus</strong></span> <span class='ocrx_word' id='word_1_135' title='bbox 218 1887 302 1960; x_wconf 91' lang='lat' dir='ltr'><strong>fiunt,</strong></span> <span class='ocrx_word' id='word_1_136' title='bbox 327 1905 453 1965; x_wconf 87' lang='lat' dir='ltr'><strong>quorum</strong></span> <span class='ocrx_word' id='word_1_137' title='bbox 476 1884 537 1943; x_wconf 81' lang='lat' dir='ltr'><strong>haec</strong></span> <span class='ocrx_word' id='word_1_138' title='bbox 559 1885 719 1964; x_wconf 87' lang='lat' dir='ltr'><strong>principia:</strong></span> <span class='ocrx_word' id='word_1_139' title='bbox 745 1885 761 1944; x_wconf 95' lang='lat'>1</span> <span class='ocrx_word' id='word_1_140' title='bbox 780 1875 934 1964; x_wconf 72' lang='lat' dir='ltr'><strong>Trepidis,</strong></span> <span class='ocrx_word' id='word_1_141' title='bbox 959 1886 1059 1961; x_wconf 71' lang='lat' dir='ltr'><strong>uuio,</strong></span> <span class='ocrx_word' id='word_1_142' title='bbox 1085 1887 1207 1961; x_wconf 86' lang='lat' dir='ltr'><strong>3Abeo,</strong></span> 
     </span>
     <span class='ocr_line' id='line_1_16' title="bbox 91 1988 1208 2067; baseline -0.002 -15"><span class='ocrx_word' id='word_1_143' title='bbox 91 1996 110 2052; x_wconf 88' lang='grc'>4</span> <span class='ocrx_word' id='word_1_144' title='bbox 135 1993 270 2063; x_wconf 77' lang='lat' dir='ltr'><strong>Amatne,</strong></span> <span class='ocrx_word' id='word_1_145' title='bbox 302 1993 318 2050; x_wconf 87' lang='grc'><strong>5</strong></span> <span class='ocrx_word' id='word_1_146' title='bbox 342 1989 520 2064; x_wconf 80' lang='lat' dir='ltr'><strong>Detegetur,</strong></span> <span class='ocrx_word' id='word_1_147' title='bbox 549 1988 735 2067; x_wconf 80' lang='lat' dir='ltr'><strong>iiluppiter,</strong></span> <span class='ocrx_word' id='word_1_148' title='bbox 764 1992 782 2048; x_wconf 99' lang='grc'><strong>7</strong></span> <span class='ocrx_word' id='word_1_149' title='bbox 806 1989 925 2063; x_wconf 88' lang='lat' dir='ltr'><strong>Uenire,</strong></span> <span class='ocrx_word' id='word_1_150' title='bbox 952 1991 969 2048; x_wconf 85' lang='grc'><strong>8</strong></span> <span class='ocrx_word' id='word_1_151' title='bbox 993 1988 1046 2062; x_wconf 86' lang='grc' dir='ltr'><strong>Εο,</strong></span> <span class='ocrx_word' id='word_1_152' title='bbox 1071 1991 1088 2048; x_wconf 88' lang='lat'><strong>9</strong></span> <span class='ocrx_word' id='word_1_153' title='bbox 1111 1989 1208 2064; x_wconf 85' lang='lat' dir='ltr'><strong>Prius,</strong></span> 
     </span>
     <span class='ocr_line' id='line_1_17' title="bbox 94 2086 1206 2168; baseline -0.002 -14"><span class='ocrx_word' id='word_1_154' title='bbox 94 2097 134 2155; x_wconf 90' lang='lat'><strong>10</strong></span> <span class='ocrx_word' id='word_1_155' title='bbox 147 2093 241 2168; x_wconf 80' lang='lat' dir='ltr'><strong>Quod,</strong></span> <span class='ocrx_word' id='word_1_156' title='bbox 266 2093 303 2151; x_wconf 89' lang='lat' dir='ltr'><strong>ll</strong></span> <span class='ocrx_word' id='word_1_157' title='bbox 317 2091 415 2166; x_wconf 80' lang='lat' dir='ltr'><strong>Mitte,</strong></span> <span class='ocrx_word' id='word_1_158' title='bbox 442 2092 478 2149; x_wconf 81' lang='lat' dir='ltr'><strong>la</strong></span> <span class='ocrx_word' id='word_1_159' title='bbox 491 2090 647 2150; x_wconf 86' lang='lat' dir='ltr'><strong>Pereuuds</strong></span> <span class='ocrx_word' id='word_1_160' title='bbox 663 2096 717 2151; x_wconf 85' lang='lat' dir='ltr'><strong>est.</strong></span> <span class='ocrx_word' id='word_1_161' title='bbox 730 2119 772 2133; x_wconf 80' lang='lat'>-</span> <span class='ocrx_word' id='word_1_162' title='bbox 791 2095 840 2152; x_wconf 86' lang='grc'><strong>66.</strong></span> <span class='ocrx_word' id='word_1_163' title='bbox 873 2086 968 2152; x_wconf 73' lang='lat' dir='ltr'><strong>Potin</strong></span> <span class='ocrx_word' id='word_1_164' title='bbox 989 2093 1043 2152; x_wconf 79' lang='lat' dir='ltr'><strong>ut.</strong></span> <span class='ocrx_word' id='word_1_165' title='bbox 1057 2136 1064 2152; x_wconf 97' lang='lat'><strong>.</strong></span> <span class='ocrx_word' id='word_1_166' title='bbox 1078 2109 1145 2166; x_wconf 63' lang='lat' dir='ltr'><strong>‚na</strong></span> <span class='ocrx_word' id='word_1_167' title='bbox 1170 2092 1206 2152; x_wconf 79' lang='lat' dir='ltr'><strong>cf.</strong></span> 
     </span>
     <span class='ocr_line' id='line_1_18' title="bbox 91 2193 1209 2264; baseline -0.003 -7"><span class='ocrx_word' id='word_1_168' title='bbox 91 2197 251 2264; x_wconf 65' lang='lat' dir='ltr'><strong>Manili.</strong></span> <span class='ocrx_word' id='word_1_169' title='bbox 275 2195 436 2254; x_wconf 74' lang='lat' dir='ltr'><strong>Perstldss.</strong></span> <span class='ocrx_word' id='word_1_170' title='bbox 459 2193 563 2253; x_wconf 88' lang='lat' dir='ltr'><strong>Bacch.</strong></span> <span class='ocrx_word' id='word_1_171' title='bbox 574 2195 645 2253; x_wconf 86' lang='grc'><strong>747.</strong></span> <span class='ocrx_word' id='word_1_172' title='bbox 668 2193 839 2256; x_wconf 64' lang='lat' dir='ltr'><strong>Marcum.</strong></span> <span class='ocrx_word' id='word_1_173' title='bbox 862 2195 968 2255; x_wconf 85' lang='lat' dir='ltr'><strong>Pseud.</strong></span> <span class='ocrx_word' id='word_1_174' title='bbox 977 2197 1047 2254; x_wconf 87' lang='grc'><strong>637.</strong></span> <span class='ocrx_word' id='word_1_175' title='bbox 1072 2194 1209 2255; x_wconf 64' lang='lat' dir='ltr'><strong>renuo.</strong></span> 
     </span>
     <span class='ocr_line' id='line_1_19' title="bbox 94 2292 1208 2376; baseline -0.004 -15"><span class='ocrx_word' id='word_1_176' title='bbox 94 2303 220 2361; x_wconf 76' lang='grc'><strong>626.--</strong></span> <span class='ocrx_word' id='word_1_177' title='bbox 236 2299 310 2358; x_wconf 87' lang='lat' dir='ltr'><strong>Post</strong></span> <span class='ocrx_word' id='word_1_178' title='bbox 330 2292 417 2358; x_wconf 83' lang='lat' dir='ltr'><strong>Abeo</strong></span> <span class='ocrx_word' id='word_1_179' title='bbox 438 2297 545 2370; x_wconf 87' lang='lat' dir='ltr'><strong>hiatus,</strong></span> <span class='ocrx_word' id='word_1_180' title='bbox 569 2297 626 2354; x_wconf 88' lang='lat' dir='ltr'><strong>nisi</strong></span> <span class='ocrx_word' id='word_1_181' title='bbox 649 2317 714 2356; x_wconf 88' lang='lat' dir='ltr'><strong>oum</strong></span> <span class='ocrx_word' id='word_1_182' title='bbox 736 2296 905 2359; x_wconf 68' lang='lat' dir='ltr'><strong>(temerario</strong></span> <span class='ocrx_word' id='word_1_183' title='bbox 932 2293 1026 2371; x_wconf 90' lang='lat' dir='ltr'><strong>„sies“</strong></span> <span class='ocrx_word' id='word_1_184' title='bbox 1045 2298 1208 2376; x_wconf 85' lang='lat' dir='ltr'><strong>scripseris.</strong></span> 
     </span>
     <span class='ocr_line' id='line_1_20' title="bbox 94 2395 1211 2477; baseline -0.002 -16"><span class='ocrx_word' id='word_1_185' title='bbox 94 2434 134 2445; x_wconf 91' lang='lat'><em>-</em></span> <span class='ocrx_word' id='word_1_186' title='bbox 160 2404 209 2462; x_wconf 86' lang='grc'><strong>68.</strong></span> <span class='ocrx_word' id='word_1_187' title='bbox 232 2395 276 2460; x_wconf 78' lang='lat' dir='ltr'><strong>Ei</strong></span> <span class='ocrx_word' id='word_1_188' title='bbox 297 2399 333 2459; x_wconf 85' lang='lat' dir='ltr'><strong>B.</strong></span> <span class='ocrx_word' id='word_1_189' title='bbox 355 2400 440 2460; x_wconf 76' lang='lat' dir='ltr'><strong>Muli.</strong></span> <span class='ocrx_word' id='word_1_190' title='bbox 463 2399 586 2473; x_wconf 80' lang='lat' dir='ltr'><strong>eddidit,</strong></span> <span class='ocrx_word' id='word_1_191' title='bbox 606 2398 701 2477; x_wconf 90' lang='lat' dir='ltr'><strong>Gepp.</strong></span> <span class='ocrx_word' id='word_1_192' title='bbox 728 2397 851 2476; x_wconf 88' lang='lat' dir='ltr'><strong>„Tum“‚</strong></span> <span class='ocrx_word' id='word_1_193' title='bbox 874 2399 981 2460; x_wconf 82' lang='lat' dir='ltr'><strong>Goetr.</strong></span> <span class='ocrx_word' id='word_1_194' title='bbox 1002 2397 1211 2473; x_wconf 84' lang='lat' dir='ltr'><strong>,Hercle“.-</strong></span> 
     </span>
     <span class='ocr_line' id='line_1_21' title="bbox 94 2501 1209 2584; baseline -0.005 -16"><span class='ocrx_word' id='word_1_195' title='bbox 94 2501 277 2584; x_wconf 70' lang='lat' dir='ltr'><strong>Deteyetur,</strong></span> <span class='ocrx_word' id='word_1_196' title='bbox 301 2524 366 2563; x_wconf 92' lang='lat' dir='ltr'><strong>nam</strong></span> <span class='ocrx_word' id='word_1_197' title='bbox 388 2503 502 2563; x_wconf 87' lang='lat' dir='ltr'><strong>corium</strong></span> <span class='ocrx_word' id='word_1_198' title='bbox 525 2503 609 2579; x_wconf 91' lang='lat' dir='ltr'><strong>quasi</strong></span> <span class='ocrx_word' id='word_1_199' title='bbox 630 2507 742 2562; x_wconf 88' lang='lat' dir='ltr'><strong>tectum</strong></span> <span class='ocrx_word' id='word_1_200' title='bbox 765 2508 810 2563; x_wconf 90' lang='lat' dir='ltr'><strong>est</strong></span> <span class='ocrx_word' id='word_1_201' title='bbox 830 2508 924 2580; x_wconf 82' lang='lat' dir='ltr'><strong>tergo.</strong></span> <span class='ocrx_word' id='word_1_202' title='bbox 962 2503 1077 2562; x_wconf 85' lang='lat' dir='ltr'><strong>Nonius</strong></span> <span class='ocrx_word' id='word_1_203' title='bbox 1098 2522 1128 2581; x_wconf 86' lang='lat' dir='ltr'><strong>p.</strong></span> <span class='ocrx_word' id='word_1_204' title='bbox 1148 2506 1209 2563; x_wconf 81' lang='grc'><strong>278</strong></span> 
     </span>
     <span class='ocr_line' id='line_1_22' title="bbox 96 2603 1209 2686; baseline -0.002 -18"><span class='ocrx_word' id='word_1_205' title='bbox 96 2605 251 2686; x_wconf 79' lang='lat' dir='ltr'><strong>„degitur“</strong></span> <span class='ocrx_word' id='word_1_206' title='bbox 276 2607 400 2684; x_wconf 80' lang='lat' dir='ltr'><strong>legerat,</strong></span> <span class='ocrx_word' id='word_1_207' title='bbox 423 2605 501 2664; x_wconf 84' lang='lat' dir='ltr'><strong>unde</strong></span> <span class='ocrx_word' id='word_1_208' title='bbox 524 2603 629 2665; x_wconf 85' lang='lat' dir='ltr'><strong>eflicit:</strong></span> <span class='ocrx_word' id='word_1_209' title='bbox 667 2606 794 2682; x_wconf 79' lang='lat' dir='ltr'><strong>„degere</strong></span> <span class='ocrx_word' id='word_1_210' title='bbox 814 2611 862 2665; x_wconf 91' lang='lat' dir='ltr'><strong>est</strong></span> <span class='ocrx_word' id='word_1_211' title='bbox 883 2603 1074 2672; x_wconf 68' lang='lat' dir='ltr'><strong>detraheret.</strong></span> <span class='ocrx_word' id='word_1_212' title='bbox 1095 2635 1136 2646; x_wconf 88' lang='grc'>-</span> <span class='ocrx_word' id='word_1_213' title='bbox 1160 2609 1209 2666; x_wconf 87' lang='grc'><strong>69.</strong></span> 
     </span>
     <span class='ocr_line' id='line_1_23' title="bbox 95 2703 1209 2789; baseline -0.004 -16"><span class='ocrx_word' id='word_1_214' title='bbox 95 2707 238 2789; x_wconf 73' lang='lat' dir='ltr'><strong>Plusque</strong></span> <span class='ocrx_word' id='word_1_215' title='bbox 266 2709 367 2782; x_wconf 80' lang='lat' dir='ltr'><strong>amat,</strong></span> <span class='ocrx_word' id='word_1_216' title='bbox 402 2710 594 2768; x_wconf 85' lang='lat' dir='ltr'><strong>continuatur</strong></span> <span class='ocrx_word' id='word_1_217' title='bbox 621 2711 716 2769; x_wconf 87' lang='lat' dir='ltr'><strong>oratio</strong></span> <span class='ocrx_word' id='word_1_218' title='bbox 744 2703 949 2788; x_wconf 84' lang='lat' dir='ltr'><strong>Thesprionis‚</strong></span> <span class='ocrx_word' id='word_1_219' title='bbox 984 2730 1012 2772; x_wconf 86' lang='lat' dir='ltr'><strong>v.</strong></span> <span class='ocrx_word' id='word_1_220' title='bbox 1036 2709 1076 2768; x_wconf 87' lang='lat' dir='ltr'><strong>sd</strong></span> <span class='ocrx_word' id='word_1_221' title='bbox 1101 2708 1209 2787; x_wconf 82' lang='lat' dir='ltr'>Amph.</span> 
     </span>
     <span class='ocr_line' id='line_1_24' title="bbox 83 2809 1211 2886; baseline -0.004 -11"><span class='ocrx_word' id='word_1_222' title='bbox 83 2817 189 2886; x_wconf 80' lang='lat'><strong>,1136.</strong></span> <span class='ocrx_word' id='word_1_223' title='bbox 212 2843 254 2854; x_wconf 88' lang='lat'><em>-</em></span> <span class='ocrx_word' id='word_1_224' title='bbox 276 2814 327 2872; x_wconf 93' lang='grc'><strong>70.</strong></span> <span class='ocrx_word' id='word_1_225' title='bbox 360 2826 409 2870; x_wconf 88' lang='lat' dir='ltr'><strong>me</strong></span> <span class='ocrx_word' id='word_1_226' title='bbox 431 2809 548 2870; x_wconf 85' lang='lat' dir='ltr'><strong>addidit</strong></span> <span class='ocrx_word' id='word_1_227' title='bbox 569 2809 765 2872; x_wconf 80' lang='lat' dir='ltr'><strong>Camerarius.</strong></span> <span class='ocrx_word' id='word_1_228' title='bbox 818 2812 1009 2873; x_wconf 87' lang='lat' dir='ltr'><strong>Octonarium</strong></span> <span class='ocrx_word' id='word_1_229' title='bbox 1030 2812 1211 2872; x_wconf 88' lang='lat' dir='ltr'><strong>trochaicum</strong></span> 
     </span>
     <span class='ocr_line' id='line_1_25' title="bbox 95 2901 1212 2992; baseline -0.005 -12"><span class='ocrx_word' id='word_1_230' title='bbox 95 2917 237 2980; x_wconf 88' lang='lat' dir='ltr'><strong>constitui</strong></span> <span class='ocrx_word' id='word_1_231' title='bbox 264 2935 329 2974; x_wconf 90' lang='lat' dir='ltr'><strong>oum</strong></span> <span class='ocrx_word' id='word_1_232' title='bbox 357 2913 497 2988; x_wconf 85' lang='lat' dir='ltr'><strong>Goetrio,</strong></span> <span class='ocrx_word' id='word_1_233' title='bbox 530 2915 755 2992; x_wconf 86' lang='lat' dir='ltr'><strong>proximumque</strong></span> <span class='ocrx_word' id='word_1_234' title='bbox 783 2915 909 2974; x_wconf 84' lang='lat' dir='ltr'><strong>similem</strong></span> <span class='ocrx_word' id='word_1_235' title='bbox 936 2916 993 2976; x_wconf 88' lang='lat' dir='ltr'><strong>feei</strong></span> <span class='ocrx_word' id='word_1_236' title='bbox 1022 2913 1127 2974; x_wconf 86' lang='lat' dir='ltr'><strong>eddi-to</strong></span> <span class='ocrx_word' id='word_1_237' title='bbox 1148 2901 1212 2989; x_wconf 78' lang='lat' dir='ltr'><strong>Ire,</strong></span> 
     </span>
    </p>
   </div>
   <div class='ocr_carea' id='block_1_5' title="bbox 95 3015 1308 3100">
    <p class='ocr_par' dir='ltr' id='par_1_5' title="bbox 95 3015 1308 3100">
     <span class='ocr_line' id='line_1_26' title="bbox 95 3015 1308 3100; baseline -0.007 -17"><span class='ocrx_word' id='word_1_238' title='bbox 95 3021 202 3083; x_wconf 80' lang='lat' dir='ltr'><strong>(ioetz&#39;.</strong></span> <span class='ocrx_word' id='word_1_239' title='bbox 231 3019 446 3100; x_wconf 87' lang='lat' dir='ltr'><strong>septenarium:</strong></span> <span class='ocrx_word' id='word_1_240' title='bbox 483 3017 548 3091; x_wconf 79' lang='lat' dir='ltr'><strong>„Ad</strong></span> <span class='ocrx_word' id='word_1_241' title='bbox 575 3016 706 3076; x_wconf 88' lang='lat' dir='ltr'><strong>sodalem</strong></span> <span class='ocrx_word' id='word_1_242' title='bbox 734 3015 942 3077; x_wconf 83' lang='lat' dir='ltr'><strong>Chaeribulum</strong></span> <span class='ocrx_word' id='word_1_243' title='bbox 975 3019 1061 3078; x_wconf 90' lang='lat' dir='ltr'><strong>iussit</strong></span> <span class='ocrx_word' id='word_1_244' title='bbox 1093 3018 1150 3076; x_wconf 88' lang='lat' dir='ltr'><strong>huc</strong></span> <span class='ocrx_word' id='word_1_245' title='bbox 1181 3019 1213 3075; x_wconf 92' lang='lat' dir='ltr'><strong>in</strong></span> <span class='ocrx_word' id='word_1_246' title='bbox 1305 3089 1308 3096; x_wconf 18' lang='lat'><strong>⁴</strong></span> 
     </span>
    </p>
   </div>
   <div class='ocr_carea' id='block_1_6' title="bbox 94 3113 1222 4330">
    <p class='ocr_par' dir='ltr' id='par_1_6' title="bbox 94 3113 1222 4330">
     <span class='ocr_line' id='line_1_27' title="bbox 94 3113 1211 3206; baseline -0.006 -21"><span class='ocrx_word' id='word_1_247' title='bbox 94 3118 304 3206; x_wconf 84' lang='lat' dir='ltr'><strong>proxumum“.</strong></span> <span class='ocrx_word' id='word_1_248' title='bbox 318 3150 359 3160; x_wconf 93' lang='lat'>-</span> <span class='ocrx_word' id='word_1_249' title='bbox 376 3121 414 3179; x_wconf 83' lang='lat'><strong>73</strong></span> <span class='ocrx_word' id='word_1_250' title='bbox 435 3118 539 3197; x_wconf 86' lang='lat' dir='ltr'><strong>scripsi</strong></span> <span class='ocrx_word' id='word_1_251' title='bbox 557 3123 591 3178; x_wconf 93' lang='lat' dir='ltr'><strong>ut</strong></span> <span class='ocrx_word' id='word_1_252' title='bbox 609 3119 645 3178; x_wconf 88' lang='lat' dir='ltr'><strong>R.</strong></span> <span class='ocrx_word' id='word_1_253' title='bbox 657 3119 774 3179; x_wconf 71' lang='lat' dir='ltr'><strong>Miller.</strong></span> <span class='ocrx_word' id='word_1_254' title='bbox 787 3140 817 3198; x_wconf 88' lang='lat' dir='ltr'><strong>p.</strong></span> <span class='ocrx_word' id='word_1_255' title='bbox 832 3121 881 3180; x_wconf 83' lang='grc'><strong>34.</strong></span> <span class='ocrx_word' id='word_1_256' title='bbox 893 3150 936 3162; x_wconf 93' lang='grc'>-</span> <span class='ocrx_word' id='word_1_257' title='bbox 956 3121 1006 3180; x_wconf 86' lang='grc'><strong>75.</strong></span> <span class='ocrx_word' id='word_1_258' title='bbox 1028 3113 1084 3190; x_wconf 81' lang='lat' dir='ltr'><strong>Eu</strong></span> <span class='ocrx_word' id='word_1_259' title='bbox 1095 3113 1211 3194; x_wconf 79' lang='lat' dir='ltr'><strong>edepol,</strong></span> 
     </span>
     <span class='ocr_line' id='line_1_28' title="bbox 95 3217 1222 3307; baseline -0.009 -17"><span class='ocrx_word' id='word_1_260' title='bbox 95 3251 124 3290; x_wconf 82' lang='lat' dir='ltr'><strong>v.</strong></span> <span class='ocrx_word' id='word_1_261' title='bbox 138 3229 176 3288; x_wconf 84' lang='lat' dir='ltr'><strong>sd</strong></span> <span class='ocrx_word' id='word_1_262' title='bbox 187 3227 277 3287; x_wconf 84' lang='lat' dir='ltr'><strong>Most.</strong></span> <span class='ocrx_word' id='word_1_263' title='bbox 292 3225 362 3284; x_wconf 84' lang='lat'><strong>331.</strong></span> <span class='ocrx_word' id='word_1_264' title='bbox 390 3221 473 3307; x_wconf 77' lang='lat' dir='ltr'><strong>Edu,</strong></span> <span class='ocrx_word' id='word_1_265' title='bbox 483 3218 597 3296; x_wconf 84' lang='lat' dir='ltr'><strong>„Heu“.</strong></span> <span class='ocrx_word' id='word_1_266' title='bbox 609 3251 653 3262; x_wconf 92' lang='lat'><em>-</em></span> <span class='ocrx_word' id='word_1_267' title='bbox 663 3217 856 3284; x_wconf 75' lang='lat' dir='ltr'><strong>turbulentos</strong></span> <span class='ocrx_word' id='word_1_268' title='bbox 866 3221 1020 3283; x_wconf 89' lang='lat' dir='ltr'><strong>Gruterus.</strong></span> <span class='ocrx_word' id='word_1_269' title='bbox 1051 3223 1138 3295; x_wconf 80' lang='lat' dir='ltr'><strong>Quod</strong></span> <span class='ocrx_word' id='word_1_270' title='bbox 1148 3223 1179 3280; x_wconf 90' lang='lat' dir='ltr'><strong>in</strong></span> <span class='ocrx_word' id='word_1_271' title='bbox 1188 3221 1222 3280; x_wconf 87' lang='lat' dir='ltr'><strong>B&#39;</strong></span> 
     </span>
     <span class='ocr_line' id='line_1_29' title="bbox 96 3319 1210 3405; baseline -0.008 -13"><span class='ocrx_word' id='word_1_272' title='bbox 96 3332 233 3392; x_wconf 88' lang='lat' dir='ltr'><strong>additum</strong></span> <span class='ocrx_word' id='word_1_273' title='bbox 250 3334 296 3390; x_wconf 86' lang='lat' dir='ltr'><strong>est</strong></span> <span class='ocrx_word' id='word_1_274' title='bbox 311 3332 334 3402; x_wconf 91' lang='lat' dir='ltr'><strong>t,</strong></span> <span class='ocrx_word' id='word_1_275' title='bbox 351 3331 420 3405; x_wconf 86' lang='lat' dir='ltr'><strong>post</strong></span> <span class='ocrx_word' id='word_1_276' title='bbox 436 3345 569 3385; x_wconf 74' lang='lat' dir='ltr'><strong>rasurum</strong></span> <span class='ocrx_word' id='word_1_277' title='bbox 586 3323 704 3386; x_wconf 86' lang='lat' dir='ltr'><strong>eddidit</strong></span> <span class='ocrx_word' id='word_1_278' title='bbox 720 3346 797 3385; x_wconf 93' lang='lat' dir='ltr'><strong>man.</strong></span> <span class='ocrx_word' id='word_1_279' title='bbox 816 3345 871 3386; x_wconf 90' lang='lat' dir='ltr'><strong>seo.</strong></span> <span class='ocrx_word' id='word_1_280' title='bbox 884 3356 926 3366; x_wconf 92' lang='lat'>-</span> <span class='ocrx_word' id='word_1_281' title='bbox 946 3327 995 3384; x_wconf 88' lang='grc'><strong>77.</strong></span> <span class='ocrx_word' id='word_1_282' title='bbox 1007 3319 1210 3400; x_wconf 62' lang='lat' dir='ltr'><strong>penedes,</strong></span> 
     </span>
     <span class='ocr_line' id='line_1_30' title="bbox 96 3424 1214 3512; baseline -0.009 -16"><span class='ocrx_word' id='word_1_283' title='bbox 96 3435 172 3497; x_wconf 88' lang='lat' dir='ltr'><strong>mira</strong></span> <span class='ocrx_word' id='word_1_284' title='bbox 193 3431 313 3512; x_wconf 80' lang='lat' dir='ltr'><strong>passiva</strong></span> <span class='ocrx_word' id='word_1_285' title='bbox 334 3431 439 3503; x_wconf 84' lang='lat' dir='ltr'><strong>forma,</strong></span> <span class='ocrx_word' id='word_1_286' title='bbox 463 3430 499 3488; x_wconf 90' lang='lat' dir='ltr'><strong>of.</strong></span> <span class='ocrx_word' id='word_1_287' title='bbox 523 3428 604 3487; x_wconf 83' lang='lat' dir='ltr'><strong>&#39;Prin</strong></span> <span class='ocrx_word' id='word_1_288' title='bbox 624 3429 700 3488; x_wconf 77' lang='lat'>264:</span> <span class='ocrx_word' id='word_1_289' title='bbox 726 3424 936 3505; x_wconf 86' lang='lat' dir='ltr'><strong>„abstsn‹lus“.</strong></span> <span class='ocrx_word' id='word_1_290' title='bbox 974 3429 1069 3487; x_wconf 83' lang='lat'>1159:</span> <span class='ocrx_word' id='word_1_291' title='bbox 1096 3431 1139 3502; x_wconf 87' lang='lat' dir='ltr'><strong>,ei</strong></span> <span class='ocrx_word' id='word_1_292' title='bbox 1161 3429 1214 3486; x_wconf 87' lang='lat' dir='ltr'><strong>ills</strong></span> 
     </span>
     <span class='ocr_line' id='line_1_31' title="bbox 96 3527 1212 3616; baseline -0.006 -19"><span class='ocrx_word' id='word_1_293' title='bbox 96 3539 152 3598; x_wconf 89' lang='lat' dir='ltr'><strong>tibi</strong></span> <span class='ocrx_word' id='word_1_294' title='bbox 174 3536 304 3616; x_wconf 74' lang='lat' dir='ltr'><strong>placet,&#39;</strong></span> <span class='ocrx_word' id='word_1_295' title='bbox 317 3532 460 3612; x_wconf 88' lang='lat' dir='ltr'><strong>placenda</strong></span> <span class='ocrx_word' id='word_1_296' title='bbox 488 3531 542 3592; x_wconf 88' lang='lat' dir='ltr'><strong>dos</strong></span> <span class='ocrx_word' id='word_1_297' title='bbox 565 3546 681 3609; x_wconf 88' lang='lat' dir='ltr'><strong>quoque</strong></span> <span class='ocrx_word' id='word_1_298' title='bbox 703 3527 778 3591; x_wconf 89' lang='lat' dir='ltr'><strong>est“.</strong></span> <span class='ocrx_word' id='word_1_299' title='bbox 821 3531 907 3590; x_wconf 79' lang='lat' dir='ltr'><strong>Varr.</strong></span> <span class='ocrx_word' id='word_1_300' title='bbox 932 3550 979 3609; x_wconf 86' lang='lat' dir='ltr'><strong>sp.</strong></span> <span class='ocrx_word' id='word_1_301' title='bbox 1002 3530 1126 3608; x_wconf 80' lang='lat' dir='ltr'><strong>August.</strong></span> <span class='ocrx_word' id='word_1_302' title='bbox 1150 3529 1212 3590; x_wconf 86' lang='lat' dir='ltr'><strong>civ.</strong></span> 
     </span>
     <span class='ocr_line' id='line_1_32' title="bbox 100 3630 1212 3711; baseline -0.007 -11"><span class='ocrx_word' id='word_1_303' title='bbox 100 3643 148 3700; x_wconf 92' lang='lat' dir='ltr'><strong>dei</strong></span> <span class='ocrx_word' id='word_1_304' title='bbox 159 3635 257 3711; x_wconf 86' lang='lat' dir='ltr'><strong>XXII,</strong></span> <span class='ocrx_word' id='word_1_305' title='bbox 271 3639 325 3696; x_wconf 78' lang='lat'><strong>28:</strong></span> <span class='ocrx_word' id='word_1_306' title='bbox 352 3637 402 3711; x_wconf 89' lang='lat' dir='ltr'><strong>,in</strong></span> <span class='ocrx_word' id='word_1_307' title='bbox 418 3632 605 3694; x_wconf 87' lang='lat' dir='ltr'><strong>renascendis</strong></span> <span class='ocrx_word' id='word_1_308' title='bbox 621 3630 821 3694; x_wconf 89' lang='lat' dir='ltr'><strong>hominibus“.</strong></span> <span class='ocrx_word' id='word_1_309' title='bbox 855 3633 923 3693; x_wconf 86' lang='lat' dir='ltr'><strong>Non</strong></span> <span class='ocrx_word' id='word_1_310' title='bbox 942 3632 1037 3692; x_wconf 89' lang='lat' dir='ltr'><strong>credit</strong></span> <span class='ocrx_word' id='word_1_311' title='bbox 1047 3631 1212 3692; x_wconf 84' lang='lat' dir='ltr'><strong>Francken.</strong></span> 
     </span>
     <span class='ocr_line' id='line_1_33' title="bbox 99 3730 1212 3816; baseline -0.009 -12"><span class='ocrx_word' id='word_1_312' title='bbox 99 3745 243 3804; x_wconf 75' lang='lat' dir='ltr'><strong>Mnemon.</strong></span> <span class='ocrx_word' id='word_1_313' title='bbox 270 3739 348 3798; x_wconf 87' lang='grc'><strong>1879</strong></span> <span class='ocrx_word' id='word_1_314' title='bbox 377 3759 408 3816; x_wconf 92' lang='lat' dir='ltr'><strong>p.</strong></span> <span class='ocrx_word' id='word_1_315' title='bbox 432 3741 465 3812; x_wconf 81' lang='lat'><strong>7,</strong></span> <span class='ocrx_word' id='word_1_316' title='bbox 495 3743 525 3796; x_wconf 90' lang='lat' dir='ltr'><strong>et</strong></span> <span class='ocrx_word' id='word_1_317' title='bbox 547 3738 681 3798; x_wconf 86' lang='lat' dir='ltr'><strong>coniicit:</strong></span> <span class='ocrx_word' id='word_1_318' title='bbox 720 3732 921 3816; x_wconf 77' lang='lat' dir='ltr'><strong>„pereundost¹</strong></span> <span class='ocrx_word' id='word_1_319' title='bbox 943 3730 1068 3816; x_wconf 86' lang='lat' dir='ltr'><strong>prope“.</strong></span> <span class='ocrx_word' id='word_1_320' title='bbox 1092 3765 1134 3776; x_wconf 92' lang='lat'>-</span> <span class='ocrx_word' id='word_1_321' title='bbox 1162 3738 1212 3794; x_wconf 81' lang='grc'><strong>78.</strong></span> 
     </span>
     <span class='ocr_line' id='line_1_34' title="bbox 99 3837 1215 3913; baseline -0.011 -6"><span class='ocrx_word' id='word_1_322' title='bbox 99 3842 171 3907; x_wconf 78' lang='lat' dir='ltr'><strong>med</strong></span> <span class='ocrx_word' id='word_1_323' title='bbox 197 3842 285 3903; x_wconf 89' lang='lat' dir='ltr'><strong>Both.</strong></span> <span class='ocrx_word' id='word_1_324' title='bbox 318 3869 360 3885; x_wconf 84' lang='lat'>-</span> <span class='ocrx_word' id='word_1_325' title='bbox 397 3841 448 3900; x_wconf 89' lang='grc'><strong>79.</strong></span> <span class='ocrx_word' id='word_1_326' title='bbox 482 3840 553 3900; x_wconf 89' lang='lat' dir='ltr'><strong>Post</strong></span> <span class='ocrx_word' id='word_1_327' title='bbox 581 3840 614 3901; x_wconf 78' lang='lat' dir='ltr'><strong>tu</strong></span> <span class='ocrx_word' id='word_1_328' title='bbox 642 3840 759 3913; x_wconf 74' lang='lat' dir='ltr'><strong>hiatus,</strong></span> <span class='ocrx_word' id='word_1_329' title='bbox 793 3839 896 3899; x_wconf 85' lang='lat' dir='ltr'><strong>Goetz.</strong></span> <span class='ocrx_word' id='word_1_330' title='bbox 927 3859 993 3898; x_wconf 87' lang='lat' dir='ltr'><strong>cum</strong></span> <span class='ocrx_word' id='word_1_331' title='bbox 1021 3839 1057 3898; x_wconf 87' lang='lat' dir='ltr'><strong>R.</strong></span> <span class='ocrx_word' id='word_1_332' title='bbox 1087 3837 1215 3896; x_wconf 77' lang='lat' dir='ltr'><strong>Muliero</strong></span> 
     </span>
     <span class='ocr_line' id='line_1_35' title="bbox 104 3937 1214 4024; baseline -0.01 -15"><span class='ocrx_word' id='word_1_333' title='bbox 104 3941 311 4024; x_wconf 84' lang='lat' dir='ltr'><strong>,interbitas“.</strong></span> <span class='ocrx_word' id='word_1_334' title='bbox 335 3973 377 3983; x_wconf 92' lang='grc'>-</span> <span class='ocrx_word' id='word_1_335' title='bbox 399 3945 448 4003; x_wconf 88' lang='grc'><strong>81.</strong></span> <span class='ocrx_word' id='word_1_336' title='bbox 472 3957 542 4002; x_wconf 77' lang='lat' dir='ltr'><strong>sum</strong></span> <span class='ocrx_word' id='word_1_337' title='bbox 565 3937 756 4003; x_wconf 73' lang='lat' dir='ltr'><strong>benevolenti</strong></span> <span class='ocrx_word' id='word_1_338' title='bbox 773 3942 885 4002; x_wconf 88' lang='lat' dir='ltr'><strong>emend.</strong></span> <span class='ocrx_word' id='word_1_339' title='bbox 904 3941 1025 4015; x_wconf 70' lang='lat' dir='ltr'><strong>(loeta,</strong></span> <span class='ocrx_word' id='word_1_340' title='bbox 1048 3941 1083 4000; x_wconf 88' lang='lat' dir='ltr'><strong>R.</strong></span> <span class='ocrx_word' id='word_1_341' title='bbox 1096 3937 1214 3999; x_wconf 76' lang='lat' dir='ltr'><strong>Mulier.</strong></span> 
     </span>
     <span class='ocr_line' id='line_1_36' title="bbox 99 4021 1215 4131; baseline -0.008 -20"><span class='ocrx_word' id='word_1_342' title='bbox 99 4051 311 4131; x_wconf 78' lang='lat' dir='ltr'><strong>proposuerat:</strong></span> <span class='ocrx_word' id='word_1_343' title='bbox 348 4045 547 4129; x_wconf 81' lang='lat' dir='ltr'><strong>,Beneuolum</strong></span> <span class='ocrx_word' id='word_1_344' title='bbox 576 4065 642 4105; x_wconf 89' lang='lat' dir='ltr'><strong>oum</strong></span> <span class='ocrx_word' id='word_1_345' title='bbox 670 4021 905 4105; x_wconf 82' lang='lat' dir='ltr'><strong>beneuolente“.¹</strong></span> <span class='ocrx_word' id='word_1_346' title='bbox 924 4075 961 4086; x_wconf 89' lang='lat'><em>-</em></span> <span class='ocrx_word' id='word_1_347' title='bbox 995 4066 1032 4118; x_wconf 86' lang='lat' dir='ltr'><strong>,a</strong></span> <span class='ocrx_word' id='word_1_348' title='bbox 1061 4039 1124 4103; x_wconf 84' lang='lat' dir='ltr'><strong>me“</strong></span> <span class='ocrx_word' id='word_1_349' title='bbox 1156 4043 1215 4102; x_wconf 90' lang='lat' dir='ltr'><strong>del.</strong></span> 
     </span>
     <span class='ocr_line' id='line_1_37' title="bbox 101 4142 1217 4226; baseline -0.007 -12"><span class='ocrx_word' id='word_1_350' title='bbox 101 4155 234 4214; x_wconf 85' lang='lat' dir='ltr'><strong>Guietus.</strong></span> <span class='ocrx_word' id='word_1_351' title='bbox 259 4149 378 4223; x_wconf 81' lang='lat' dir='ltr'><strong>Goetz.;</strong></span> <span class='ocrx_word' id='word_1_352' title='bbox 401 4152 566 4208; x_wconf 75' lang='lat' dir='ltr'><strong>aiorersus</strong></span> <span class='ocrx_word' id='word_1_353' title='bbox 588 4151 774 4226; x_wconf 87' lang='lat' dir='ltr'><strong>septenarius</strong></span> <span class='ocrx_word' id='word_1_354' title='bbox 802 4148 863 4208; x_wconf 92' lang='lat' dir='ltr'><strong>fiet.</strong></span> <span class='ocrx_word' id='word_1_355' title='bbox 886 4177 928 4188; x_wconf 88' lang='lat'><em>-</em></span> <span class='ocrx_word' id='word_1_356' title='bbox 957 4150 1007 4207; x_wconf 78' lang='lat'><strong>82.</strong></span> <span class='ocrx_word' id='word_1_357' title='bbox 1040 4142 1071 4206; x_wconf 78' lang='lat' dir='ltr'><strong>si</strong></span> <span class='ocrx_word' id='word_1_358' title='bbox 1093 4142 1217 4222; x_wconf 79' lang='lat' dir='ltr'><strong>quidem</strong></span> 
     </span>
     <span class='ocr_line' id='line_1_38' title="bbox 102 4250 777 4330; baseline -0.01 -13"><span class='ocrx_word' id='word_1_359' title='bbox 102 4255 257 4328; x_wconf 82' lang='lat' dir='ltr'><strong>Ribbeck,</strong></span> <span class='ocrx_word' id='word_1_360' title='bbox 279 4253 415 4330; x_wconf 88' lang='lat' dir='ltr'><strong>idemque</strong></span> <span class='ocrx_word' id='word_1_361' title='bbox 438 4254 468 4311; x_wconf 90' lang='lat' dir='ltr'><strong>in</strong></span> <span class='ocrx_word' id='word_1_362' title='bbox 490 4250 629 4312; x_wconf 78' lang='lat' dir='ltr'><strong>A&#39;fuisee</strong></span> <span class='ocrx_word' id='word_1_363' title='bbox 650 4250 777 4311; x_wconf 79' lang='lat' dir='ltr'><strong>videtur.</strong></span> 
     </span>
    </p>
   </div>
   <div class='ocr_carea' id='block_1_7' title="bbox 0 0 1518 5004">
    <p class='ocr_par' dir='ltr' id='par_1_7' title="bbox 0 0 1518 5004">
     <span class='ocr_line' id='line_1_39' title="bbox 0 0 1518 5004; baseline 0 0"><span class='ocrx_word' id='word_1_364' title='bbox 0 0 1518 5004; x_wconf 95' lang='lat' dir='ltr'><strong> </strong></span> 
     </span>
    </p>
   </div>
  </div>
 </body>
</html>
