2982 5012
619 381 763 452 spretae..
954 357 957 362 ’
1195 387 1234 448 37
1276 436 1282 447 ,

546 565 801 655 Periphanes
862 606 865 617 =

823 677 925 744 lmmo
948 676 1037 744 haud
1061 677 1163 744 decet.
1183 697 1235 749 420

498 841 501 848 .
559 785 791 870 Apoecides

107 897 173 960 Res
195 915 318 977 magna
340 894 437 958 amici
461 893 548 978 apud
572 893 677 960 lorum
701 897 826 977 agitur3
850 895 878 960 ei
901 893 978 958 nolo

107 1003 158 1067 lre
183 1002 377 1068 aduocatus.
681 1070 688 1081 ‚

93 1135 109 1168 ι
546 1110 799 1194 Periphanes

141 1217 144 1222 ’
414 1219 466 1297 At,
490 1239 622 1301 quaese,
638 1218 702 1284 ‘ubi
725 1219 789 1283 erit
812 1217 925 1294 otium,

106 1328 292 1392 Reuertere
315 1325 430 1391 adme
454 1326 630 1409 externplo.
687 1377 692 1388 .

559 1445 792 1528 Apoecides

673 1551 835 1626 Continuo
859 1553 913 1619 hic
937 1576 1002 1620 ero.

220 1749 226 1762 .
545 1673 800 1756 Periphanes

105 1783 198 1849 Nihil
224 1783 346 1848 homini
370 1784 474 1848 amico
498 1793 548 1846 est
571 1789 756 1865 opportuno
778 1783 963 1866 antiquius;

107 1891 186 1955 Sine
210 1899 269 1956 tuo
292 1890 416 1964 labore,
440 1890 528 1974 quod
551 1887 642 1962 uelis,
666 1897 776 1954 actum
800 1898 990 1956 esttamen.
1183 1913 1233 1965 425

107 1997 177 2082 Ego
201 2000 229 2063 si
253 1998 460 2082 adlegassem
482 1997 626 2081 aliquem
648 1997 690 2061 ad
714 1997 776 2063 hoo
797 1998 964 2080 negotium

105 2107 282 2202 Hominem
304 2109 409 2172 minus
433 2107 565 2174 doctum
589 2105 759 2189 minusque
782 2105 823 2170 ad
846 2106 932 2171 hano
953 2128 1022 2171 rem
1046 2107 1211 2188 callidum,

106 2215 150 2280 Os
174 2214 334 2280 sublitum
357 2224 442 2280 esset
463 2215 517 2292 mi,
542 2220 642 2298 atque
666 2235 716 2278 me
739 2213 824 2279 albis
848 2213 1002 2280 dentibus
1084 2251 1089 2262 ·

105 2323 201 2389 Meus
224 2323 390 2388 derideret
411 2321 497 2386 filius
520 2323 772 2387 meritissumo.·

107 2431 172 2496 Sed
196 2432 271 2515 quis
295 2431 363 2496 illic
386 2440 445 2509 est,
468 2451 564 2512 quem
587 2430 650 2494 huc
673 2430 903 2496 aduenientem
926 2431 1109 2515 conspicor,
1181 2451 1233 2503 430

106 2539 287 2625 Suamnqui
310 2539 490 2604 undantem
513 2537 715 2622 chlamydem
739 2539 926 2622 quassando
950 2539 1052 2629 facit?

287 2817 449 2885 -MILES
500 2817 770 2883 PERIPHANES
820 2815 1022 2922 PIDIOINA.
1088 2889 1092 2898 .

610 3011 640 3075 M
651 3011 730 3076 iles

108 3120 197 3185 Caue
222 3119 441 3204 praeterbitas
464 3120 550 3208 ullas
573 3119 674 3198 aedis,
699 3120 778 3202 quin
801 3141 906 3203 roges,

109 3229 215 3292 Senex
238 3227 296 3293 ubi
317 3227 450 3293 habitet
473 3227 675 3312 Periphanes
698 3227 899 3318 Plothenius.

107 3337 257 3402 Incertus
279 3343 372 3414 tuum
397 3357 476 3402 caue
500 3336 542 3401 ad
565 3358 616 3400 me
638 3336 808 3402 rettuleris
831 3336 957 3420 pedem.

542 3479 802 3562 Periphanes

108 3587 321 3664 Adulescens
345 3588 503 3652 si-istune
526 3587 698 3664 hominem,
722 3608 819 3668 quem
842 3595 879 3651 tu
903 3589 1082 3670 quaeritas,
1181 3607 1232 3660 435
1267 3671 1270 3679 .

108 3695 179 3760 Tibi
203 3703 479 3773 conmonstrasso‚
503 3716 640 3778 ecquam
663 3696 723 3760 abs
746 3705 779 3759 te
802 3694 892 3760 inibo
916 3695 1078 3778 gratiam?

174 3923 226 3974 420
245 3921 334 3974 Immo
355 3927 412 3974 stat
431 3919 513 3974 decet
573 3923 621 3974 421
642 3937 705 3974 eum
723 3922 791 3975 uolo
851 3922 903 3976 424
920 3921 1057 3977 amititius
1114 3925 1234 3978 tao-29

109 4007 192 4073 bibus
209 4006 335 4060 veredus
387 4007 437 4060 426
456 4006 624 4074 adli'gasrem
676 4009 727 4061 427
745 4009 838 4062 minus
856 4008 998 4062 hominem
1011 4007 1100 4075 Quam
1117 4007 1233 4063 doctum

109 4095 156 4146 428
182 4101 257 4146 esset
282 4091 376 4160 itaque
449 4093 500 4145 429
527 4091 637 4145 deridet
724 4093 808 4148 Hunc
825 4111 848 4148 c.
867 4099 1082 4162 sequentiarum
1100 4096 1231 4148 461-64.

109 4179 156 4230 loo
173 4179 236 4246 quis
254 4177 302 4231 hie
319 4185 362 4231 eat
425 4176 541 4232 MILES
561 4177 682 4232 SENEX
700 4177 932 4233 PERIPHANES
990 4179 1110 4234 432—34
1127 4177 1233 4232 ὀιιοὸυε

108 4265 227 4318 casibus
296 4263 506 4332 stephanius
575 4265 626 4316 436
645 4271 905 4317 commonstrauero
