2982 5014
238 397 302 456 440
570 366 572 377 ¹
637 404 641 419 ¹
720 387 893 444 Menoechmi.

242 587 305 658 ,eri
323 583 400 644 tom“
422 585 588 661 proposuit.
625 582 748 642 Deloue
767 583 900 643 adverbii
921 603 948 642 r.
967 583 1004 642 ed
1018 583 1124 666 Amph.
1139 586 1210 644 721.
1231 611 1267 624 ·-
1288 585 1360 642 951.

238 689 336 765 'Pergo
360 695 390 744 et
412 687 546 745 cruribus
571 685 648 760 lrugi
671 705 774 744 servus
805 685 933 744 consulit
962 687 1091 758 veritus,
1122 707 1158 744 ne
1189 685 1361 744 verberibus

239 799 271 848 st
292 787 482 866 compedibus
506 787 666 860 efficietur,
701 789 777 864 gule
800 793 830 846 et
852 791 949 846 ventri
981 791 1115 864 ignavus.
1139 817 1181 829 -
1211 791 1281 846 952.
1308 801 1364 848 cor

240 887 377 950 modeste
399 887 505 962 silum,
530 892 643 948 enimus
667 889 798 948 modeste
818 889 955 962 effectus,
979 889 1236 958 (trecentesim,
1259 890 1363 949 Letine

240 995 360 1054 insolite
384 995 502 1062 dieitur,
526 1011 578 1050 nec
602 991 760 1050 admodum
782 993 878 1052 simile
897 1001 942 1054 eet
961 994 1027 1053 Ter.
1047 993 1139 1053 Andr.
1155 995 1209 1054 33:
1236 989 1363 1068 „(urtes)

241 1116 313 1172 ques
338 1114 453 1172 semper
477 1095 505 1152 in
528 1103 558 1151 te
581 1095 713 1153 intellexi
736 1097 819 1168 sitos,
844 1095 901 1152 fide
924 1104 953 1154 et
977 1093 1214 1155 taciturnitetc“.
1258 1097 1363 1172 Itaque

241 1195 445 1273 corrigendum
470 1197 597 1254 videtur.
649 1197 774 1273 Bergk:
813 1199 963 1268 ,modeste
988 1197 1213 1258 modestumst·“.
1264 1199 1364 1256 Minus

239 1301 315 1360 bene
344 1299 475 1372 Langen.
501 1299 604 1358 Philol.
628 1299 756 1358 XXXIII
784 1319 814 1376 p.
839 1301 916 1358 ⁷12:
956 1297 1145 1380 ,scitumst“,
1186 1301 1262 1359 Num
1294 1321 1363 1371 ,ex-

240 1397 444 1480 politumst“‘i
471 1431 511 1440 -
548 1405 617 1460 953.
656 1399 697 1460 its
725 1402 923 1474 contrahitur,
958 1423 985 1462 v.
1014 1403 1131 1480 Proleg.
1162 1425 1192 1481 p.
1217 1405 1288 1462 212.
1322 1433 1361 1443 —

241 1507 313 1562 954.
338 1499 470 1580 ipocrite,
495 1499 646 1580 improbis
667 1499 762 1576 uiri&
798 1504 859 1562 huc
882 1524 940 1562 uon
964 1525 1029 1564 cum
1052 1501 1126 1578 criu,
1155 1507 1206 1564 sed
1231 1525 1296 1564 cum
1318 1501 1365 1563 iis

242 1605 400 1682 iungendo.
447 1606 481 1664 R.
507 1627 562 1684 pro
586 1610 695 1684 spuriis
718 1607 830 1666 babuit.
860 1635 892 1646 ·-
925 1608 1069 1666 955-57
1094 1611 1126 1667 in
1148 1608 1172 1666 B
1195 1629 1254 1666 uno
1277 1627 1364 1666 versu

241 1707 542 1786 comprehenduntur,
563 1711 612 1766 sed
635 1707 751 1773 „Mole“
775 1718 804 1766 et
823 1707 921 1779 „ilec“
943 1710 1112 1768 maiusculis
1130 1709 1242 1770 litteris
1260 1712 1365 1787 primis

241 1815 355 1888 scripte
385 1820 468 1880 suut,
504 1810 582 1887 quod
618 1813 647 1868 in
683 1811 815 1868 versibus
851 1809 1044 1868 discribendis
1078 1821 1197 1888 secutus
1226 1833 1299 1872 sum.
1321 1842 1365 1852 -

241 1917 312 1972 956.
338 1907 453 1982 Motae,
473 1913 641 1988 pistrinum.
662 1941 703 1952 -
722 1929 834 1988 mayrra
852 1923 880 1969 et
894 1911 1054 1970 Riteehelio
1073 1920 1104 1972 et
1122 1914 1189 1972 eliis
1207 1915 1363 1974 delendum
1471 1899 1472 1924 ³

241 2019 335 2074 visum
360 2023 419 2087 est,
443 2015 497 2072 hoc
519 2015 617 2072 deleto
641 2023 814 2073 tetrameter
833 2015 1004 2073 becchiccus
1022 2013 1063 2073 fit.
1084 2045 1125 2056 -
1144 2017 1215 2076 958.
1240 2017 1362 2090 R.,13r.,
1471 2001 1472 2048 i

242 2119 303 2176 Wr.
331 2126 511 2196 ,propter-eu
531 2161 537 2175 .
558 2163 564 2174 .
585 2163 590 2173 .
611 2115 736 2176 molum“
770 2137 825 2194 pro
848 2120 957 2194 spuriis
988 2117 1113 2190 hebent,
1148 2121 1198 2177 vix
1226 2121 1299 2178 iure.
1322 2149 1363 2160 -

242 2224 312 2281 959ι
346 2215 448 2296 erupis
470 2213 569 2277 multo
592 2214 739 2293 sterilior,
770 2241 797 2278 v.
821 2219 857 2278 sd
884 2224 931 2279 55.
957 2247 993 2260 -
1027 2214 1122 2280 uerba
1144 2223 1272 2297 imperio
1292 2222 1365 2280 dicit

241 2329 367 2399 propter
395 2321 618 2380 similitudinem
649 2322 817 2392 verberum,
854 2329 887 2387 ut
915 2323 1127 2382 sriimedvertit
1150 2323 1299 2383 Boxhorn.
1323 2353 1364 2364 —

244 2439 298 2502 eyo
321 2424 432 2484 delevit
456 2424 558 2495 notu,
590 2445 625 2482 ne
654 2435 824 2502 anapestus
847 2425 935 2482 iambi
959 2425 1054 2484 locum
1079 2433 1203 2484 teneret.
1230 2457 1265 2466 —
1291 2429 1362 2485 960.

243 2521 395 2598 molitum,
421 2527 500 2603 quod
524 2527 609 2584 molis
632 2527 765 2584 effectum
791 2535 849 2598 est,
874 2527 1014 2598 turinum,
1038 2536 1127 2604 etque
1150 2527 1225 2585 odeo
1246 2549 1361 2605 penem,

244 2631 281 2688 el.
305 2631 399 2688 Lucil.
424 2627 531 2700 XXIX,
557 2629 593 2688 fr.
619 2631 672 2688 88:
710 2637 862 2699 „uentrem
888 2630 1015 2686 nlieuum
1038 2637 1181 2686 maestum
1204 2632 1306 2688 fouere
1328 2651 1363 2688 ex

245 2733 347 2790 molito
372 2733 515 2790 hordeo'‘.
568 2726 706 2789 tttoiiltttrt
733 2725 867 2805 praebet,
897 2731 947 2806 qui
975 2731 1038 2806 ipse
1068 2730 1161 2793 moles
1190 2739 1299 2790 verset.
1328 2762 1363 2770 -

245 2837 316 2894 961.
344 2833 428 2906 ,id“,
464 2834 543 2910 quod
566 2837 596 2890 in
620 2832 641 2890 C
665 2833 801 2904 additur,
837 2852 872 2890 ex
900 2835 1043 2908 proximis
1073 2834 1148 2890 male
1171 2837 1362 2912 anticipatum
1470 2865 1471 2876 ,

244 2938 317 2995 mihi
338 2937 469 2994 videtur.
493 2965 533 2976 --
563 2939 634 2995 963.
671 2935 771 3008 ,esse“
797 2938 877 2993 item.
906 2963 947 2974 -
976 2933 1008 2994 itt
1030 2951 1110 3008 rem,
1144 2955 1183 2994 sc.
1208 2957 1300 2996 sunm.
1326 2967 1361 2976 —
1470 2965 1471 3000 t

245 3043 317 3098 964.
341 3039 479 3096 Comen:-
500 3039 632 3108 „bletum
654 3049 688 3096 ut
712 3039 782 3096 mihi
803 3035 989 3108 edhibeum“,
1015 3038 1094 3114 quod
1114 3039 1172 3096 fuit
1189 3059 1278 3115 quum
1296 3058 1362 3114 pro-

243 3143 344 3200 barem
380 3142 435 3212 its,
471 3149 504 3198 ut
539 3143 664 3199 alterum
697 3139 763 3212 ,ut“
795 3142 962 3198 omitterem
993 3149 1022 3198 et
1049 3143 1079 3198 in
1108 3145 1246 3216 proximo
1280 3161 1364 3198 uersu
1470 3143 1471 3152 ’

244 3245 419 3302 scriberem:
457 3243 588 3315 „dietum
617 3241 694 3298 houd
726 3240 837 3300 uluto‘'.
894 3241 1001 3300 Posteri
1031 3245 1106 3300 redii
1137 3241 1175 3300 ed
1205 3242 1363 3300 Hermsnni

244 3347 429 3414 sententium,
454 3363 541 3420 quem
561 3353 726 3418 sequuntur
744 3343 777 3401 R,
791 3353 820 3400 et
833 3342 891 3414 Br.,
916 3347 997 3403 utin
1015 3345 1158 3420 proximis
1176 3365 1242 3402 cum
1256 3345 1363 3420 Pylade

244 3446 409 3504 scribatur:
446 3441 589 3504 Melitam
622 3441 708 3504 bauti
739 3440 886 3518 brulium,
923 3446 970 3504 hic
1003 3455 1099 3504 autem
1134 3446 1271 3505 deleatur
1302 3467 1361 3506 voe.

248 3549 411 3620 „Metum“,
441 3549 569 3606 addetur
599 3545 636 3605 si.
668 3577 709 3588 -
743 3543 863 3628 culpam
887 3542 1072 3619 abstineam,
1106 3549 1143 3607 cf.
1166 3549 1234 3610 Ter.
1260 3551 1361 3608 Heeut.

244 3653 319 3709 373:
358 3651 523 3722 „Genritus,
554 3661 703 3720 screatus,
728 3653 832 3720 tussis,
858 3653 935 3706 risus
960 3649 1105 3708 abstine“.
1128 3679 1171 3696 ·-
1194 3653 1363 3729 Sequuntur

244 3755 274 3811 in
297 3753 383 3811 codd.
406 3754 595 3812 blostelleriee
616 3773 661 3809 ev.
681 3754 826 3810 ete-tt
851 3771 954 3828 perum
978 3763 1114 3810 accurate
1135 3757 1253 3831 scripti.
1298 3755 1363 3812 Hrec

244 3877 261 3915 s
298 3856 408 3914 lectore
448 3855 547 3932 aliquo
588 3858 618 3912 in
661 3857 793 3927 margine
827 3855 978 3929 adposite,
1019 3855 1088 3912 inde
1127 3857 1157 3914 in
1196 3865 1360 3914 contextum

243 3962 445 4034 irrepserunt;
484 3959 583 4015 omisit
616 3959 730 4033 primus
766 3956 799 4014 R.
834 3984 875 3995 —
913 3959 983 4015 965.
1029 3953 1151 4034 quando
1185 3973 1258 4017 erus
1287 3957 1360 4019 Cam.

244 4079 314 4131 em.,
357 4055 393 4118 ob
426 4055 509 4133 ltere
541 4059 626 4117 Both.
688 4059 837 4117 Messenio
870 4059 1044 4137 propediem
1079 4081 1110 4118 se
1142 4061 1269 4118 liberum
1303 4059 1363 4118 fore

244 4167 354 4238 speret.
382 4190 419 4202 -
446 4163 516 4220 966.
553 4161 673 4218 Versum
698 4169 727 4220 et
750 4162 805 4219 hoc
828 4163 891 4220 loco
914 4183 973 4220 non
996 4163 1148 4220 terendum
1178 4171 1208 4220 et
1236 4165 1362 4220 numeris

244 4271 396 4322 carentem
430 4266 512 4321 uncis
554 4264 668 4322 seclusi
732 4265 765 4323 R.
801 4266 841 4322 sic
875 4271 1034 4324 mutatum:
1076 4263 1198 4342 „quue
1231 4265 1361 4342 exemplo
