2976 5018
571 383 603 438 v.
622 384 767 463 nrsseoc.
1169 395 1228 457 163

100 581 131 634 et
153 575 188 634 B.
235 574 280 634 Of.
298 575 419 634 Trucul.
439 577 516 637 650:
544 577 618 650 „hoc
640 579 701 638 ictu
724 599 870 656 exponam
892 585 983 658 atque
1005 585 1101 642 omnis
1123 585 1228 644 eiciam

98 673 214 736 foras“.
261 676 305 734 De
336 676 419 750 „me“
451 681 561 738 omisso
589 699 616 740 r.
646 681 684 738 ad
706 681 788 739 Asin.
819 685 889 742 392.
924 713 965 724 -
999 686 1070 744 796.
1104 678 1130 743 Ι
1155 681 1230 748 belle

99 773 261 838 heliiatuia
283 780 417 838 Studem.
441 801 477 838 ex
499 783 540 848 A,
571 781 623 840 nbi
652 789 750 840 tamen
779 783 887 844 littera
909 785 976 844 Ll'l'
1003 805 1108 863 parum
1138 796 1228 848 cartre

98 883 299 954 videbantur3
334 903 367 940 nc
401 903 473 942 sane
501 885 598 942 forma
625 887 701 943 mira
729 890 812 944 vocis
840 893 896 946 est.
951 887 1088 946 Ceterum
1124 891 1160 950 ci.
1190 891 1228 949 ad

98 988 184 1044 Asin.
210 988 284 1044 669.

190 1276 263 1334 797.
286 1274 404 1334 Exeunt
426 1278 565 1337 mulieres
589 1285 718 1338 comesta
745 1300 818 1338 cena
845 1280 987 1356 nuptiali,
1017 1287 1053 1340 nt
1074 1302 1174 1342 senem
1198 1291 1229 1342 et

98 1380 222 1438 vilicum
245 1377 375 1436 ludibrio
397 1378 516 1438 habitos
538 1381 664 1440 rideant.
709 1380 874 1453 Canticum,
898 1383 978 1458 quod
1000 1384 1103 1443 codE
1124 1387 1228 1446 addita

99 1482 122 1539 C
156 1483 261 1540 littera
293 1481 400 1556 signat,
433 1503 451 1539 a
483 1484 668 1542 tetrametris
699 1483 864 1543 bacchiacis
896 1484 1013 1562 incipit,
1049 1488 1227 1562 797-806,

99 1583 210 1661 quibus
239 1581 361 1642 additur
384 1586 446 1642 807
475 1586 607 1644 01000010
635 1605 672 1643 ex
699 1587 810 1644 cretico
838 1587 966 1644 dimetro
1001 1593 1032 1645 et
1063 1589 1228 1667 penthemi-

98 1711 182 1750 mere
199 1690 351 1750 trochaico
368 1693 518 1746 constans.
564 1689 624 1746 808
648 1693 821 1747 tetrameter
839 1691 975 1748 creticus.
1021 1693 1081 1750 899
1101 1690 1227 1751 dimeter

98 1793 246 1852 iambicus
265 1812 329 1850 cum
342 1791 577 1867 penthemimere
588 1789 748 1850 trochaico.
795 1793 856 1850 810
880 1792 1007 1850 dimeter
1019 1796 1226 1869 anapaesticus.

98 1899 161 1956 811
188 1895 354 1955 trochaicus
376 1895 512 1952 trimeter
534 1892 737 1952 catalecticus.
789 1895 849 1952 812
873 1894 932 1952 600
955 1893 1070 1952 bacchii
1092 1915 1157 1952 cum
1181 1895 1226 1954 di·

96 2004 198 2058 metro
220 1996 355 2056 iambico.

188 2103 248 2160 797
271 2119 337 2175 sqq.
361 2096 426 2156 cod.
450 2097 464 2154 1
486 2098 602 2156 ancilla
624 2097 685 2169 dat,
710 2098 851 2177 Geppert.
870 2118 907 2157 ex
929 2099 1020 2160 titulo
1042 2101 1228 2178 palimpsesti

96 2207 286 2278 Cleostrata,
312 2187 436 2260 Bothius
460 2206 538 2258 recte
560 2200 733 2274 Myrrhina.
755 2229 797 2240 -
825 2203 897 2260 797.
923 2203 1052 2274 „hucin
1075 2201 1142 2262 uia“
1168 2223 1227 2262 non

97 2311 284 2382 congruunt3
308 2304 396 2362 Both.
425 2299 509 2374 ,hic“
534 2303 662 2379 scripsit,
686 2321 741 2377 ego
758 2297 795 2360 in
810 2299 906 2360 uiam.
925 2333 966 2343 -
984 2307 1056 2363 799.
1081 2299 1225 2382 adaeque,

95 2411 135 2470 cf.
149 2409 281 2484 Langen.
295 2407 386 2466 Beitr.
399 2425 428 2482 p.
443 2407 493 2464 21.
512 2433 554 2444 -
573 2405 644 2464 800.
668 2398 724 2462 hoc
746 2398 830 2482 quod
844 2397 999 2479 reliquum
1015 2405 1070 2480 cst,
1094 2426 1134 2466 sc.
1146 2411 1225 2468 ritus.

94 2514 142 2572 De
177 2509 402 2588 quadrisyllabo
434 2508 574 2566 adiectivi
608 2525 746 2564 mensura
779 2525 807 2564 v.
836 2507 874 2565 ad
896 2507 980 2564 Asin.
1006 2509 1077 2567 231.
1128 2507 1223 2588 Gepp.

98 2613 277 2686 ,101101οι0ιι
310 2611 355 2669 ed.
390 2639 432 2650 -
467 2612 538 2668 801.
573 2609 715 2668 Priscian.
740 2607 810 2666 VIll
837 2629 866 2686 p.
893 2612 967 2670 789:
1007 2611 1225 2687 „antiquissimi

95 2720 188 2776 etiam
211 2716 309 2774 activa
330 2712 545 2790 significatione
575 2711 674 2784 „nubo
696 2708 743 2770 te“
769 2709 917 2783 dicebant,
946 2712 1025 2770 unde
1047 2713 1172 2772 Plautus
1194 2715 1224 2772 in

95 2820 222 2878 Casina:
259 2816 367 2890 ,Libet
390 2815 553 2874 Charinum
581 2814 653 2891 qnid
681 2818 752 2889 ngat
777 2815 854 2872 scire
881 2833 992 2872 novum
1020 2811 1163 2890 nuptum“
1194 2821 1225 2874 01

94 2943 123 3000 p.
151 2922 230 2979 783:
266 2919 411 2990 ,Plautus
432 2919 463 2976 in
486 2917 608 2976 Casina:
644 2915 943 2993 Libet...nuptnm,
972 2935 1027 2993 pro
1050 2913 1222 2976 maritnm“.

94 3027 189 3084 Immo
211 3042 270 3099 pro
291 3027 430 3098 nuptam,
459 3019 512 3078 sed
536 3020 711 3090 masculine,
746 3019 817 3094 quia
839 3017 979 3076 Chalinus
1002 3023 1056 3078 est.
1112 3018 1222 3078 Verum

94 3128 143 3185 hic
167 3145 272 3186 versus
295 3123 351 3182 hoo
373 3123 494 3200 quidem
518 3123 583 3181 loco
605 3122 676 3180 ferri
700 3141 760 3180 uon
782 3125 893 3196 potest.
948 3120 1073 3178 Bothius
1102 3127 1173 3198 post
1194 3142 1221 3179 v.

95 3231 157 3288 798
170 3228 282 3306 posuit,
307 3226 401 3284 nihilo
418 3226 525 3303 aptius.
571 3225 602 3282 Si
620 3225 768 3297 genuinus
786 3228 841 3295 eet,
865 3227 935 3299 post
953 3223 1013 3281 803
1031 3226 1104 3299 0001
1123 3223 1221 3283 debet.

94 3361 136 3372 -
160 3333 234 3392 803.
259 3331 359 3406 alque,
384 3327 462 3388 aad
476 3328 582 3403 Amph.
597 3329 668 3386 270.
686 3356 726 3368 -
745 3318 842 3399 fabre,
865 3345 892 3382 v.
916 3325 954 3383 ad
977 3325 1071 3384 Stich.
1096 3328 1167 3384 572.
1181 3357 1222 3367 -

96 3435 168 3493 804.
202 3425 351 3504 Obicere-30,
374 3432 490 3508 pugnis,
514 3434 550 3488 01
571 3428 678 3506 Amph.
694 3430 766 3488 600.
788 3455 831 3466 -
854 3429 926 3487 806.
950 3427 1022 3486 Post
1044 3422 1095 3488 Ne
1112 3429 1220 3488 hiatus.

95 3535 190 3613 chp.
207 3533 301 3608 „Nam
313 3533 367 3592 ne“
383 3533 513 3609 scripsit,
526 3531 663 3590 Mueller.
677 3531 761 3590 Pros.
774 3551 803 3606 p.
818 3531 878 3588 748
904 3527 1015 3604 „Nac“.
1040 3559 1078 3572 -·
1103 3524 1221 3589 abico

95 3637 193 3708 Both,
220 3637 257 3694 cf.
271 3635 308 3693 ad
321 3634 407 3713 Epid.
422 3637 494 3694 268.
514 3663 555 3674 -
579 3636 650 3692 807.
673 3635 752 3692 Ante
775 3625 871 3691 Nwm
892 3635 922 3690 in
944 3633 1113 3709 Bepatium
1134 3637 1222 3692 vacat

95 3746 169 3798 notre
187 3757 324 3817 personae
337 3737 526 3807 destinatum,
539 3756 627 3812 quam
641 3735 753 3794 066161.
764 3765 806 3778 -
818 3729 1007 3812 praes-idem,
1025 3736 1057 3792 in
1068 3733 1219 3810 prtesidio,

97 3841 262 3912 custodem,
291 3859 319 3898 v.
344 3842 382 3898 ad
404 3839 481 3897 Rnd.
508 3839 598 3896 1038.
628 3867 669 3876 -
700 3840 761 3896 808
785 3857 828 3914 sq.
860 3838 917 3896 Per
944 3842 1088 3914 quattuor
1116 3855 1220 3894 versus

97 3945 266 4003 membrana
289 3943 442 4019 archetypi
464 3940 562 3998 labem
586 3943 791 4012 contraxerat,
820 3940 899 3998 unde
921 3943 953 3998 in
975 3937 1061 3998 codd.
1083 3939 1115 3996 in
1137 3939 1218 4014 prin·

98 4046 181 4121 cipiis
203 4063 343 4102 versuum
365 4046 465 4120 spatis
486 4046 604 4114 vacant,
628 4043 723 4100 mains
745 4042 776 4099 in
799 4042 905 4118 primo,
927 4042 1025 4098 minus
1046 4041 1078 4098 in
1101 4040 1217 4099 ceteris.

99 4145 137 4204 Et
157 4148 188 4205 in
211 4147 319 4206 ceteris
340 4146 460 4222 quidem
481 4142 557 4202 nihil
580 4142 782 4217 desideratur,
815 4145 847 4202 in
874 4143 970 4221 primo
996 4141 1141 4201 excidisse
1163 4143 1218 4200 ali·

101 4249 168 4323 quid
191 4253 324 4325 apparet,
356 4248 406 4305 nbi
431 4238 564 4306 Tuccio
586 4246 730 4322 supplevi.
758 4275 801 4285 -
830 4245 901 4302 809.
932 4237 1085 4306 001000.
1108 4243 1215 4320 Amph.

965 4355 1012 4408 ll*
