2982 5012
271 346 310 406 38

769 533 889 598 Miles

270 639 400 706 Uirtute
424 637 503 703 belli
524 647 661 705 ornatus
685 641 860 724 promerui,
883 649 920 706 ut
942 639 1019 706 mihi
1095 611 1100 622 ¹

269 749 382 812 Omnis
405 746 554 812 mortalis
577 766 673 829 agere
697 747 812 814 deceat
835 751 967 830 grat-ias.

699 879 954 962 Periphanes
1011 853 1017 866 ⁵

269 985 342 1051 Non
366 987 551 1068 repperisti,
575 987 774 1066 adulescens,
798 988 1011 1072 tranquillum
1036 989 1154 1066 locum,
1187 1051 1191 1058 .

270 1089 335 1158 Ubi
358 1100 433 1158 tuas
456 1095 599 1160 uirtutes
622 1096 773 1179 explices,
797 1103 835 1160 ut
859 1097 1022 1180 postulas3

270 1201 354 1265 Nam
378 1203 555 1266 strenuiori
578 1203 722 1270 deterior
745 1206 772 1268 si
795 1204 965 1288 praedicat

271 1309 354 1375 Sues
376 1293 512 1394 pugnas,
536 1333 615 1394 prae
638 1311 733 1378 huius
756 1312 832 1378 illae
855 1311 938 1376 fiunt
961 1311 1119 1376 sordidae.

270 1417 334 1482 Sed
355 1421 464 1498 istum,
488 1441 583 1503 quem
607 1421 748 1502 quaeris,
772 1419 988 1504 Periphanem
1011 1419 1225 1498 Plothenium,
1288 1440 1290 1444 ·

269 1526 339 1608 Ego
362 1548 444 1605 sum,
468 1527 495 1592 si
518 1527 680 1611 quiduis.

769 1635 889 1700 Miles
1270 1713 1274 1724 Ι

679 1787 686 1802 -
720 1745 845 1829 Nempe
869 1766 965 1828 quem
989 1747 1021 1809 in
1045 1743 1268 1809 adulescentia

270 1851 454 1916 Memorant
477 1853 565 1935 apud
589 1873 683 1936 reges
706 1855 815 1918 armis.
839 1861 910 1917 arte
933 1852 1085 1920 duellica.
1331 1864 1371 1917 444

271 1959 412 2024 Diuitias
436 1980 571 2040 magnas
595 1961 785 2044 indeptum?

707 2080 955 2163 Periphanes

816 2189 933 2254 'Immo
957 2190 985 2254 si
1008 2188 1124 2253 audias

270 2295 359 2360 Meas
387 2315 522 2378 pugnas,
549 2295 658 2378 fugias
681 2297 832 2360 manibus
856 2297 999 2362 dimissis
1023 2297 1164 2362 domum.

771 2427 885 2492 Miles
954 2484 963 2492 .

270 2533 328 2598 Pol
352 2556 410 2617 ego
435 2536 538 2618 magis
561 2555 662 2599 unum
685 2555 820 2619 quaero,
843 2557 933 2600 meas
956 2537 1033 2618 quoi
1057 2533 1251 2620 praedicem,

271 2642 375 2719 Quam
397 2641 499 2720 illum,
524 2644 582 2726 qui
604 2650 763 2709 memoret
785 2665 859 2708 suas
883 2644 971 2708 mihi.

707 2773 959 2858 Periphanes

480 2944 486 2960 ,
1019 2881 1079 2945 Hic
1103 2902 1166 2945 non
1191 2889 1241 2945 est
1264 2879 1354 2944 locus.

270 2989 367 3054 Proin
391 2999 427 3055 tu
451 2990 552 3054 alium
576 3012 727 3074 quaeras,
752 2993 828 3074 quoi
854 2998 1006 3056 centones
1029 2991 1161 3054 sarcias.
1330 2998 1372 3052 450

269 3098 442 3181 —Atque
465 3097 547 3162 haec
570 3098 754 3178 stultitiast,
778 3123 828 3163 me
851 3099 899 3164 illi
922 3100 1003 3163 uitio
1027 3105 1168 3176 uortere,

270 3206 407 3288 Egomet
430 3206 517 3288 quod
540 3205 693 3300 factitaui
716 3209 748 3272 in
772 3207 1005 3281 adulescentis,

271 3313 375 3390 Quom
397 3314 595 3394 militabam,
619 3317 736 3399 pugnis
760 3315 977 3380 memorandis
1000 3316 1080 3379 meis

270 3421 488 3488 Eradicabam
510 3423 678 3488 hominum
702 3425 801 3502 auris,
826 3424 956 3506 quando
981 3443 1183 3506 occeperam.
1207 3456 1246 3466 -

772 3531 889 3596 Miles

270 3639 421 3702 Animum
444 3637 591 3716 aduorte,
616 3646 662 3718 ut,
686 3639 772 3722 quod
796 3661 854 3722 ego
878 3641 920 3704 ad
943 3647 975 3704 te
998 3641 1105 3715 uenio,
1130 3639 1304 3720 intellegas.
1329 3643 1369 3698 455

269 3745 378 3811 Meam
401 3747 539 3811 amicam
563 3748 675 3812 audiui
698 3756 731 3813 tc
755 3769 825 3812 esse
849 3755 1035 3812 mercatum.

272 3892 342 3900 —

338 3963 389 4015 437
409 3967 532 4016 armatus
611 3964 662 4018 438
681 3962 778 4016 deceat
798 3945 879 4030 agere
899 3963 999 4016 deceat
1076 3965 1126 4015 442
1145 3962 1179 4016 de
1198 3962 1269 4015 illius
1329 3951 1367 4006 443

157 4113 160 4120 Ι
269 4047 441 4116 periphanen
458 4047 621 4116 plataenium
678 4050 729 4102 446
746 4047 922 4116 indemptunr
975 4049 1027 4102 447
1045 4048 1156 4100 demum
1208 4034 1367 4110 450Quiu13

354 4132 455 4188 fusius
547 4134 668 4186 451-54
685 4135 812 4202 uramur
825 4141 892 4202 post
909 4137 973 4218 aaa
1062 4136 1110 4186 451
1131 4135 1253 4186 stulu-st
1328 4119 1367 4175 455

269 4218 389 4273 aduenio
409 4219 435 4272 A
