3030 5022
165 368 356 439 11,1‚24-34
463 401 480 454 .'
644 370 823 426 Mostellaria.

564 601 566 607 ·
602 559 865 626 Philolaches
931 553 934 560 ’

167 669 258 748 Quid
281 690 342 753 ego
364 689 452 734 nuuc
475 666 616 735 faciam?

657 776 808 841 Tranio

559 969 561 973 ι
680 884 761 949 Iube
784 883 865 950 haec
888 883 964 969 hinc
988 887 1096 952 omnia
1120 887 1313 976 amolirier.

167 993 252 1071 Quis
275 995 351 1059 istic
374 995 516 1061 dormit?
695 1065 697 1072 ‚

563 1153 566 1162 .
597 1099 862 1166 Philolaches

441 1259 445 1268 .
536 1208 779 1275 Callidamates.
825 1206 957 1306 Suscita
979 1211 1087 1289 istum,
1110 1209 1294 1296 Delphium.

629 1338 844 1424 Delphium

167 1447 416 1532 Callidamates
439 1447 682 1528 Callidamates,
705 1447 816 1530 uigila.

580 1577 879 1645 Callidamates
1310 1673 1312 1680 Α

826 1684 944 1768 Uigilo.
991 1683 1079 1752 Cedo
1103 1685 1222 1752 bibam.
1243 1705 1294 1758 366

629 1811 701 1877 Dal
708 1811 844 1895 phium

166 1919 294 2004 Uigila3
317 1927 413 2006 pater
436 1921 570 1988 aduenit
592 1941 727 2026 peregre
750 1918 958 1984 Philolachis.

561 2021 883 2117 ‘Callidamates

1003 2157 1120 2224 Ualeat
1142 2161 1251 2243 pater!
1274 2141 1280 2158 ⁸

600 2263 864 2331 Philolaches

164 2374 270 2441 Ualet
290 2375 346 2442 ille
370 2375 501 2460 quidem
525 2379 624 2459 atque
648 2363 702 2456 eye
726 2373 870 2456 disperii.

588 2504 878 2570 Callidamates

841 2612 897 2678 Bis
920 2615 1057 2697 peristi?
1082 2615 1139 2699 qui
1163 2617 1291 2700 potest?

592 2721 862 2787 Philolaches

166 2831 298 2908 Quaeso
322 2829 440 2914 edepol
463 2833 500 2908 te,
524 2851 677 2912 exsurge3
700 2837 796 2913 pater
819 2830 963 2910 aduenit.

578 2958 879 3040 Callidamates

949 3068 1038 3135 Tuus
1061 3071 1152 3134 uenit
1174 3071 1292 3153 pater?

167 3177 248 3242 lube
271 3197 340 3242 cum
362 3177 454 3242 abire
477 3199 619 3257 rursum;
644 3177 724 3260 quid
747 3177 795 3241 illi
818 3177 937 3243 reditio
962 3180 1062 3243 etiam
1085 3176 1150 3241 huc
1171 3176 1254 3241 fuit?

599 3307 862 3374 Philolaches

169 3416 255 3494 Quid
278 3436 338 3498 ego
362 3415 478 3499 agam?
511 3421 605 3498 pater
633 3417 699 3482 iam
729 3416 782 3480 hic
813 3437 863 3482 me
893 3415 1037 3482 offendet
1059 3416 1213 3480 miserum
1236 3415 1294 3480 ad·

504 3588 508 3594 .
925 3525 1063 3588 ueniens
1087 3521 1224 3600 ebrium,
1244 3540 1295 3593 370
1341 3547 1346 3558 ·

169 3633 268 3698 hedis
290 3631 404 3715 planas
427 3632 644 3697 conuiuarum
666 3639 699 3696 et
721 3632 901 3697 mulierum.
947 3631 1137 3696 Miserumst
1160 3654 1240 3715 opus

171 3741 274 3822 Igitur
297 3740 427 3804 demum
451 3736 564 3804 fodere
587 3746 732 3823 puteum,
756 3739 813 3804 ubi
837 3740 908 3806 sitis
930 3737 1040 3805 fauces
1063 3747 1163 3818 tenet,
1208 3725 1214 3738 ⁹

170 3847 261 3944 Sicut
284 3867 343 3932 ego
367 3847 515 3913 aduentu
538 3849 642 3931 patris
665 3868 751 3912 nunc
774 3867 912 3931 quaero,
942 3848 1021 3931 quid
1043 3847 1162 3914 faciam
1185 3849 1294 3913 miser.

260 4006 288 4010 ..-
305 4005 349 4012 -—-·-
367 4005 396 4011 -..

254 4087 305 4141 364
322 4083 395 4152 Quid
464 4086 515 4140 365
534 4085 604 4140 cado
622 4083 654 4138 iit
672 4038 768 4140 bibam
838 4086 888 4140 366
906 4083 1067 4139 Philolache
1142 4085 1192 4138 367
1211 4089 1295 4152 atqua

172 4172 274 4243 dispari
347 4172 399 4226 368
415 4175 443 4226 ts
461 4187 511 4226 om.
590 4171 640 4226 369
659 4188 722 4226 eum
740 4188 791 4226 om.
840 4169 844 4180 '
864 4175 892 4224 et
911 4164 995 4225 etiauh
1015 4171 1037 4226 C
1108 4171 1160 4224 3⁷0
1178 4165 1297 4224 offendit

173 4257 221 4310 372
238 4264 288 4312 om.
308 4256 331 4312 0
398 4256 498 4312 tudere
519 4254 636 4311 fondere
653 4257 681 4311 B
