3030 5050
154 278 231 332 Prol.
253 277 357 331 66-77
669 275 777 333 Casina.

197 467 294 532 Nunc
317 467 378 530 sibi
403 475 541 549 uterque
564 475 680 532 contra
702 467 848 550 legiones
871 478 976 552 parat..

196 575 362 657 Paterquo
384 572 545 656 filiusque,
570 573 653 638 clam
677 574 762 640 altor
784 575 934 642 alterum.

196 685 298 748 Pater
321 682 491 765 adlegauit
513 681 656 762 uilicum,
679 685 736 768 qui
759 695 910 766 posceret

197 791 268 858 Sibi
290 793 397 856 istanc
419 809 568 868 uxorem
592 791 620 856 is
643 797 764 874 sperat,
789 793 816 856 si
839 795 869 857 ei
892 795 936 858 sit
958 794 1046 874 data,

197 901 268 968 Sibi
291 900 360 965 fore
384 907 517 982 paratas
540 899 626 966 olam
648 919 783 965 uxorem
807 901 963 966 excubias
986 903 1075 968 foris.

197 1009 302 1074 Filius
324 1010 353 1072 ia
377 1015 487 1072 autem
510 1009 708 1090 armigerum
731 1010 865 1091 adlegat
887 1031 991 1088 suum,

197 1116 262 1195 Qui
285 1117 347 1183 sibi
372 1137 443 1180 eam
466 1133 603 1181 uxorem
626 1125 757 1201 poscat3
780 1119 851 1197 ecit,
874 1119 903 1184 si
926 1117 960 1184 id
983 1120 1134 1202 inpetret,

196 1227 368 1299 Futurum,
391 1225 480 1310 quod
503 1231 602 1304 amat,
625 1227 714 1291 intra
737 1229 906 1310 praesepis
931 1248 1018 1294 suas.

198 1335 293 1401 Senis
316 1354 399 1399 uxor
420 1334 533 1414 sensit,
556 1334 662 1398 uirum
685 1335 714 1397 ei
737 1335 840 1400 amori
863 1355 995 1419 operam
1019 1337 1114 1418 dare;

197 1443 378 1527 Propterea
400 1463 467 1508 una
489 1444 653 1507 consentit
675 1461 747 1508 cum
771 1441 849 1509 filio.

195 1553 258 1618 Ille
281 1559 391 1616 autem
415 1549 716 1634 postquamlfilium
740 1553 844 1616 sensit
865 1574 960 1617 suum

196 1661 345 1727 Eandem
367 1660 457 1724 illam
480 1680 591 1724 amare
615 1671 646 1724 et
671 1680 743 1724 osae
766 1660 988 1742 inpedimento
1011 1662 1085 1740 sibi,

196 1771 285 1836 Hinc
307 1769 552 1835 adulescentem
575 1789 711 1852 peregre
734 1769 904 1852 ablegauit
926 1777 1036 1854 pater;

197 1881 313 1948 Sciens
336 1879 365 1942 ei
388 1883 493 1942 mater
516 1876 575 1943 dat
597 1897 730 1960 operam
754 1878 883 1943 absenti
906 1885 1024 1944 tamen.

198 1991 242 2070 Is,
266 2010 306 2053 ne
329 1987 534 2070 exspectetis,
557 1984 656 2051 hodie
678 1987 712 2049 in
735 1985 798 2050 bac
820 1986 989 2052 comoedia

197 2099 237 2163 In
260 2096 374 2161 urbem
397 2115 460 2158 non
484 2093 623 2174 redibit;
646 2092 783 2158 Plautus
805 2094 926 2174 noluit;

198 2207 336 2272 Pontem
359 2205 544 2286 interrupit,
569 2203 624 2286 qui
648 2210 721 2267 erat
742 2204 772 2268 ei
794 2204 827 2267 in
850 2204 977 2269 itinere.

199 2316 285 2381 Sunt
306 2314 368 2393 bic,
389 2314 477 2377 iuter
499 2331 534 2376 sc
557 2332 640 2397 quos
663 2332 750 2376 nunc
772 2312 871 2377 credo
895 2312 1021 2378 dicere:

199 2424 329 2516 Quaeso
352 2420 472 2498 hercle,
495 2420 573 2503 quid
596 2421 682 2485 istuc
704 2421 775 2486 est?
799 2421 935 2486 seruiles
958 2425 1113 2506 nuptiae?

199 2534 319 2600 Seruin
342 2551 475 2596 uxorem
499 2530 621 2594 ducent
643 2535 701 2594 aut
723 2535 860 2612 poscent
883 2529 969 2594 sibi?

199 2642 328 2708 Nouom
351 2639 551 2716 adtulerunt,
573 2638 659 2722 quod
683 2637 722 2701 fit
743 2658 904 2720 nusquam
927 2641 1082 2718 gentium.

199 2754 245 2816 At
267 2770 326 2832 ego
349 2749 402 2813 aio
426 2747 459 2812 id
482 2745 553 2812 fieri
575 2747 608 2810 in
634 2745 774 2812 Graecia
796 2756 831 2812 et
853 2744 1052 2828 Carthagini,

199 2861 245 2926 Et
266 2858 320 2923 hic
341 2858 375 2921 in
397 2862 511 2921 nostra
533 2861 631 2934 terre,
653 2855 687 2920 in
712 2855 843 2939 Apulia;

198 2967 390 3048 Maioreque
412 2984 513 3047 opera
536 2962 582 3028 ibi
604 2964 742 3030 seruiles
765 2966 900 3048 nuptiae

200 3077 308 3154 Quam
330 3073 483 3139 liberales
506 3075 605 3138 etiam
630 3075 738 3138 curari
761 3073 876 3137 solent.

199 3185 238 3251 ld
261 3181 363 3261 citit,
387 3203 512 3248 mecum
536 3183 663 3265 pignus,
685 3182 713 3246 ei
736 3182 811 3264 quis
835 3182 914 3261 uolt,
939 3183 1015 3248 dato

200 3295 239 3360 In
262 3312 378 3357 urnam
401 3291 507 3369 mulsi,
531 3290 658 3355 Poenus
681 3291 758 3354 dum
780 3290 880 3354 iudex
902 3292 973 3368 siet,

199 3401 263 3469 Uel
287 3400 433 3466 Graecus
455 3400 548 3474 adeo,
572 3398 623 3464 uel
648 3419 722 3464 mea
744 3419 846 3466 cauea
870 3402 1025 3483 Appulus.

153 3692 275 3732 uxorem
292 3673 357 3741 ΒΕ,
377 3690 492 3728 uxorem
510 3673 632 3728 ietamI
705 3675 739 3727 54
758 3691 843 3728 uxore
862 3675 907 3728 A]
975 3673 1215 3730 bursonam

155 3762 292 3830 allegarit
309 3759 385 3814 ΒΙΕ
442 3763 475 3812 67
493 3763 669 3828 proesepecI
729 3763 762 3814 58
781 3759 804 3811 ei
824 3776 874 3814 om.
944 3762 979 3813 60
996 3762 1084 3814 sensit
1102 3759 1189 3814 lilium
1207 3759 1283 3815 ΒΙΕ

155 3851 191 3903 62
209 3847 347 3914 obligauit
364 3845 401 3910 Β,
420 3847 533 3914 ablegat
551 3848 576 3899 A
628 3847 662 3900 66
680 3847 739 3899 eins
760 3852 849 3900 mater
868 3847 892 3898 ei
911 3846 959 3900 dat
977 3845 1051 3900 ΒΙΕ
1106 3849 1139 3900 64
1158 3845 1208 3898 liic
1226 3845 1284 3898 ΒΕ

156 3937 191 3988 66
209 3931 360 3986 rediuitB
424 3933 458 3985 66
476 3932 501 3984 ei
568 3947 618 3986 om.
637 3933 661 4000 I,
680 3932 783 3986 Ecum
801 3947 904 3987 rorum
957 3933 984 3985 in
1003 3948 1052 3986 cm.
1072 3935 1097 3985 A
1159 3934 1192 3986 67
1211 3947 1282 4000 quoe

156 4019 246 4074 credo
263 4035 338 4072 nunc
354 4018 429 4072 inter
447 4033 477 4071 se
494 4016 570 4071 ΒΙΕ
645 4020 677 4071 71
697 4018 752 4072 alio
770 4016 805 4084 Β,
825 4019 885 4071 alise
904 4019 934 4073 Ε
1044 4018 1098 4072 hoc
1115 4017 1191 4072 ΒΙΕ

157 4105 283 4173 ingratia
300 4101 328 4156 B
409 4104 591 4170 cartaginel
674 4105 707 4157 73
725 4119 812 4171 opere
830 4106 856 4156 A
926 4104 1102 4158 'illiberalis
1124 4101 1179 4157 ΒΕ
1250 4105 1283 4154 76

158 4193 283 4259 pinguae
301 4187 335 4254 Β,
353 4205 461 4258 pugnos
479 4189 503 4257 Ι,
521 4206 630 4258 pugnus
644 4189 674 4243 Ε
741 4191 774 4242 77
791 4189 899 4257 Apulus
917 4190 944 4242 A
