2982 5004
104 371 139 438 V,
149 375 174 441 7,
184 375 268 427 8-91
571 373 755 428 Menuechmi.
953 399 958 410 ·
1078 333 1082 340 ι
1163 375 1224 440 227
1283 411 1287 420 .

104 561 195 628 Gsuo
218 565 402 656 quisquam,
426 563 514 647 quod
537 563 604 628 iilic
622 564 800 644 minitetur,
823 569 973 628 uestrum
990 561 1083 630 flocci
1099 561 1223 628 fecerit.

105 670 193 748 Quid
212 673 333 738 stetis?
356 673 436 756 quid
453 672 639 739 dubitetis?
671 672 740 737 Iam
754 671 914 736 sublimen
926 678 1058 756 raptum
1070 673 1225 757 oportuit.

104 779 176 862 Ego
198 781 253 847 ibo
277 781 318 848 ud
342 782 675 896 medicum;'prpesto
697 801 753 846 ero
776 779 834 859 iili,
858 800 955 863 quom
978 782 1127 886 uenietils.

527 907 809 992 Menaechmus

331 1090 336 1100 .
460 1005 472 1032 ⁰
1106 1030 1227 1098 Occidi.

105 1141 194 1220 Quid
217 1142 279 1209 hoc
302 1151 353 1210 cst
375 1144 508 1227 nepti?
543 1141 622 1227 quid
649 1141 751 1236 illisce
773 1141 920 1207 homines
944 1141 987 1206 ad
1008 1161 1060 1208 mc
1083 1144 1228 1217 currunt,
1294 1149 1300 1162 '

874 1248 1032 1314 obsecro?

105 1360 195 1438 Quid
217 1361 316 1428 uoltis
340 1362 421 1426 uos?
444 1361 522 1446 quid
545 1351 763 1443 quaeritatis?
792 1356 871 1441 quid
894 1379 945 1422 me
967 1356 1229 1423 circumsistitis?

105 1468 181 1550 Quo
204 1471 322 1554 rapitis
345 1472 418 1536 me?
452 1489 517 1552 quo
539 1469 634 1534 fertis
657 1467 732 1532 me?
775 1467 870 1531 Perii.
916 1464 1059 1532 Obsecro
1082 1471 1230 1530 nostrum

560 1587 564 1599 ¹
874 1572 982 1654 fidem,
1179 1589 1231 1640 090

104 1687 377 1771 Epidamnienses
402 1687 575 1752 subuenite
597 1685 695 1751 ciues.
741 1682 827 1761 Quin
849 1704 900 1748 me
923 1682 1075 1778 mittitis?

564 1831 766 1896 Messenio

104 1940 173 2006 Pro
195 1939 229 2004 di
252 1939 452 2020 inmortales,
476 1939 625 2018 obsecro,
646 1937 726 2022 quid
749 1959 809 2021 ego
829 1935 933 2002 oculis
952 1935 1099 2019 adspicio
1117 1935 1218 2000 meis?
1288 2002 1292 2014 x

105 2048 210 2113 Erum
232 2069 340 2112 meum
363 2047 600 2131 indignissume
623 2049 731 2114 nescio
754 2047 812 2131 qui
835 2043 995 2110 sublimen
1017 2043 1136 2110 ferunt.

174 2224 194 2268 ι
528 2189 813 2256 Menaechmus

106 2297 232 2380 Ecquis
256 2300 425 2383 suppetias
448 2299 528 2364 mihi
551 2299 651 2366 sudet
672 2298 780 2364 ferre?

564 2441 770 2508 Messenio

199 2617 206 2630 ,
451 2631 458 2646 ·
772 2547 865 2633 [qu
890 2559 953 2630 ere,
976 2547 1228 2632 audacissumo]

105 2659 134 2725 0
157 2659 286 2725 focinus
308 2659 477 2744 indignum
502 2667 535 2726 et
556 2659 688 2740 melum,
1177 2674 1230 2728 999

104 2768 296 2853 Epidamnii
319 2769 419 2849 ciues,
444 2789 535 2834 crum
557 2790 665 2836 meum
687 2767 741 2834 hic
762 2767 797 2833 in
819 2772 939 2851 peccto
962 2766 1083 2851 oppido

104 2877 189 2942 Luci
210 2876 353 2961 deripier
375 2879 411 2943 in
432 2879 498 2955 uic,
521 2877 578 2962 qui
601 2862 686 2946 libor'
708 2875 752 2941 ad
774 2895 834 2942 uos
857 2875 1001 2942 uenerit!

102 2986 228 3052 Mittite
248 2987 366 3052 istunc.

525 3103 802 3171 Menaechmus

371 3213 516 3280 Obsecro
539 3219 582 3294 te,
607 3215 756 3298 quisquis
780 3235 825 3294 es,
849 3233 983 3297 operam
1006 3211 1082 3278 mihi
1107 3219 1145 3277 ut
1167 3213 1225 3278 des
1269 3215 1272 3223 “

103 3324 178 3390 Neu
202 3323 290 3388 sinos
312 3323 346 3390 in
369 3344 429 3388 mo·
443 3323 598 3406 insignite
619 3321 692 3388 fieri
714 3329 841 3388 tentam
863 3322 1026 3388 iniuriam.

562 3475 768 3542 Messenio

101 3588 206 3653 Immo
226 3593 260 3651 et
278 3607 411 3670 operam
429 3585 514 3650 dcbo
535 3591 568 3650 et
586 3584 757 3651 defendam
776 3591 808 3650 99
827 3584 1010 3652 subuenibo
1034 3582 1157 3650 scdulo.
1176 3599 1227 3654 990

102 3695 291 3779 Numquam
313 3701 345 3760 99
369 3695 478 3778 patiar
501 3693 626 3778 perire3
648 3715 699 3758 me
722 3694 830 3778 perire
854 3699 903 3759 est
925 3695 1072 3778 aequius.

187 3934 239 3988 978
257 3931 351 4000 QuiO
411 3933 478 3987 rutis
540 3931 712 4002 oportumO
769 3933 822 3987 977
838 3929 927 3987 ΜΕΝ.
946 3945 997 3986 om.
1014 3930 1043 3985 Β
1101 3928 1226 3984 sterilia

100 4023 153 4075 979
171 4031 243 4089 quor
329 4017 510 4072 circumstitis
594 4019 644 4072 989
662 4017 787 4072 Produm
804 4015 982 4072 9000991990
1061 4015 1225 4069 secarent

100 4107 222 4162 sec—8¹1
240 4103 346 4159 duodus
363 4105 485 4159 09090999
501 4103 530 4157 Β
594 4106 645 4158 986
664 4104 749 4180 opido
816 4105 867 4157 987
885 4103 1017 4172 derupier
1034 4099 1062 4154 B
1122 4099 1225 4152 liberet

100 4209 153 4252 nos
218 4191 269 4246 988
287 4189 401 4245 Mittitis
420 4195 489 4246 tuuc
551 4207 578 4244 es
597 4205 647 4244 om.
665 4191 693 4246 B
747 4187 815 4243 mihi
833 4185 954 4244 uidero
1015 4189 1063 4242 991
1084 4183 1225 4240 derideres

100 4287 130 4334 tc
148 4279 228 4332 cuius
246 4276 281 4344 B,
304 4276 411 4330 derires
430 4276 535 4331 tecuius
555 4275 578 4328 0

971 4381 1019 4434 15*
