3030 5022
281 321 341 458 lqo
789 384 880 438 Plauti

786 573 891 640 Simo

283 681 367 760 Quid
391 683 496 748 somni
520 683 717 752 somniauit?

765 790 917 856 Tranio

750 895 822 981 Ego
846 897 952 964 dicam
976 899 1055 965 tibi:

279 1009 368 1074 Dare
389 1007 461 1074 uolt
482 1027 616 1074 uxorem
638 1006 706 1074 filio
730 1011 889 1092 quantum
911 1013 1039 1092 potest;

280 1115 331 1183 lid
353 1135 425 1182 eam
447 1136 516 1182 rem
537 1115 646 1182 lacere
668 1114 739 1182 uolt
760 1135 882 1181 nouom
904 1136 1113 1200 gynaeceum.

281 1224 365 1312 Npm
388 1223 452 1291 sibi
473 1224 663 1291 laudauisse
684 1223 784 1290 hasne
807 1225 855 1290 ait
876 1223 1131 1292 architectonem
1354 1245 1400 1296 '145

173 1391 176 1398 .
280 1333 398 1400 Nescio
422 1353 517 1418 quem
542 1333 774 1401 exaedificatas
797 1333 951 1400 insenum
973 1332 1064 1414 bene,

281 1442 374 1508 Nunc
396 1440 474 1507 hinc
495 1441 679 1526 exemplum
702 1462 818 1528 capere
841 1441 921 1523 uolt,
944 1442 1008 1508 nisi
1031 1448 1067 1507 tn
1090 1443 1194 1508 neuis.

280 1551 365 1618 Nam
387 1549 443 1617 ille
466 1571 505 1616 eo
527 1551 651 1616 maiore
673 1547 749 1616 hinc
771 1569 869 1634 opere
892 1568 932 1615 ex
953 1555 988 1615 te
1011 1551 1194 1634 exemplum
1218 1555 1311 1636 petit,

281 1659 366 1739 Quia
387 1659 441 1726 hic
462 1660 563 1725 uitam
583 1659 710 1725 audiuit
730 1678 798 1724 esse
821 1663 949 1725 aestate
971 1659 1159 1743 perbonam,

282 1767 349 1836 Sub
372 1769 441 1836 sole
465 1767 626 1836 columem
648 1788 754 1852 usque
775 1773 970 1852 perpetuum
993 1766 1088 1833 diem.
1350 1787 1398 1839 ιω

789 1891 894 1960 Simo

242 2075 245 2083 ,
281 2002 383 2068 Immo
406 2001 523 2084 edepol
546 2021 634 2080 nero,
657 2021 756 2084 quom
778 2021 1014 2085 usquequaque
1036 2002 1195 2085 umbrast,
1217 2009 1328 2068 tamen

280 2111 337 2177 Sol
359 2131 489 2195 semper
509 2107 563 2175 hic
584 2131 688 2195 usque
710 2129 730 2176 a
752 2111 872 2176 manist
894 2110 937 2175 ad
960 2131 1143 2194 uesperum.

282 2220 383 2299 Quasi
405 2217 574 2302 flagitator
596 2217 705 2284 adstat
727 2239 831 2302 usque
853 2219 896 2284 ad
917 2219 1048 2298 ostium,

282 2329 349 2394 Nec
371 2327 452 2394 mihi
475 2327 625 2393 umbrest
646 2347 796 2412 usquam,
819 2327 881 2392 nisi
903 2328 988 2394 siin
1011 2334 1110 2412 puteo
1133 2332 1346 2414 quaepiamst.

765 2451 914 2520 Tranio

280 2563 388 2642 Quid?
434 2561 612 2628 Sarsinatis
634 2565 781 2645 ecquest,
805 2561 832 2626 si
855 2559 1012 2630 Umbram
1034 2584 1099 2629 non
1121 2563 1246 2630 habes?
1348 2580 1393 2632 755

788 2667 893 2737 Simo

280 2779 437 2847 Molestus
459 2801 499 2845 ne
524 2779 584 2860 sis3
607 2776 690 2844 haec
713 2785 790 2846 sunt
812 2781 860 2844 sic
881 2786 919 2846 ut
941 2779 1104 2865 praedico.

759 2887 912 2954 Tranio

280 2997 454 3064 Attamen
475 2995 637 3082 inspicere
659 2997 739 3064 uolt.

786 3104 890 3171 Simo

778 3214 945 3298 Inspiciat,
968 3216 995 3280 si
1017 3215 1117 3279 lubet.

280 3321 315 3387 Si
337 3321 417 3407 quid
440 3323 511 3402 erit,
535 3323 625 3406 quod
646 3322 694 3388 illi
716 3323 857 3409 placeat,
880 3324 920 3389 de
943 3324 1091 3408 exemplo
1115 3345 1186 3390 meo

278 3431 353 3515 Ipse
376 3430 558 3498 aedificato.

289 3607 293 3611 .
310 3605 505 3616 .-.-·-—-——.

363 3689 414 3743 742
432 3687 504 3756 Quid
522 3688 728 3743 contomnimrit
802 3691 852 3744 745
870 3689 972 3746 lami]
1044 3689 1173 3744 laudasse
1191 3688 1243 3743 ΒΟ
1312 3690 1389 3743 hasce

278 3792 329 3830 orn.
351 3773 378 3837 0,
398 3775 439 3830 oit
456 3774 506 3829 has
524 3776 550 3829 A
608 3775 911 3834 architecteotoremt'
965 3777 1015 3831 746
1035 3772 1229 3830 exaedificatas
1248 3793 1309 3830 esse
1318 3812 1387 3829 .....

278 3879 324 3914 um
341 3862 414 3916 bene
427 3862 461 3930 A,
481 3878 542 3916 esse
557 3860 717 3917 aedificatos
731 3862 782 3917 has
798 3879 864 3919 sane
879 3865 952 3920 benc
966 3863 1002 3931 Β,
1023 3861 1046 3917 0
1062 3864 1121 3918 eine
1139 3878 1201 3916 esse
1253 3864 1304 3916 748
1321 3860 1388 3914 malo

277 3987 423 4001 .........
440 3965 523 4018 opere
541 3947 593 4003 Bc
608 3948 657 4016 (Bt
676 3949 807 4014 maluo)
885 3967 919 4004 ex
936 3954 967 4004 te
984 3948 1077 4004 om.0
1156 3949 1209 4002 '149
1227 3947 1388 4002 hic.......

277 4037 376 4090 aestate
393 4033 445 4089 ΒΟ
521 4034 573 4088 750
591 4033 649 4088 Sub
667 4034 716 4088 diu
735 4035 779 4090 col
795 4075 921 4090 ........
937 4039 1104 4106 perpetuum
1122 4036 1156 4102 Β,
1182 4033 1279 4090 Oetae
1296 4035 1389 4090 omna

276 4121 327 4174 752
344 4119 399 4175 huc
416 4119 445 4175 A
496 4123 539 4174 cst
557 4137 644 4189 usque
662 4137 678 4174 a
695 4137 777 4177 mene
794 4121 847 4177 Bo
896 4119 1082 4192 uesperamO
1136 4121 1187 4174 753
1205 4119 1327 4175 hostium
1344 4116 1390 4172 AG

277 4205 328 4258 754
345 4205 421 4260 Haec
439 4204 467 4259 Β
530 4208 630 4261 umbre
648 4223 764 4275 usquam
783 4212 828 4262 est
844 4207 895 4264 Ro
959 4209 1010 4262 755
1029 4207 1168 4261 Arsinatis
1186 4207 1212 4260 A
1280 4221 1388 4275 ecquam

277 4296 321 4345 eet
337 4291 372 4360 Β,
390 4296 420 4346 et
437 4291 562 4362 qnemG
